2287 3116
1227 186 1265 216 16

354 297 504 317 mmmm
529 296 571 315 ent
595 285 666 326 ipsa
687 282 917 325 progcm'lum,
943 282 1098 323 [sule-ctus
1124 282 1210 312 dono
1232 281 1315 312 :vilis
1337 292 1461 312 aureae
1483 281 1638 323 Priamo]
1662 281 1850 312 acl-Troiae
1873 282 1971 314 misit
1991 283 2143 316 auxilia.

355 341 431 381 [qni
448 349 646 379 cotzgrcssus
669 349 742 368 sum
767 336 901 368 Achille
924 337 962 366 ab
984 346 1020 366 co
1044 338 1093 366 cs!
1115 335 1360 376 interemptus}

501 393 536 424 In
563 394 627 424 hac
660 391 820 423 narrandi
855 390 965 421 forma
989 395 1110 430 aperte
1143 390 1187 419 ad
1216 389 1390 420 Bacchum
1419 389 1616 421 Memnonis
1642 389 1714 421 fata
1747 391 1903 422 revocari
1932 390 2145 423 Schmidtius

352 459 385 488 p,
412 449 469 479 1:32
492 454 626 478 censet:
660 445 738 476 ,Van
767 443 934 475 inum-rita
955 453 1036 473 sam·
1069 441 1138 483 ipsc
1161 442 1313 473 Bacchus
1337 442 1519 474 ,llemnom'
1539 446 1675 474 mortem
1709 443 1879 475 struxisse:
1905 444 2000 486 fingi
2018 444 2143 486 poluit.

354 503 452 533 Hunc
481 503 511 531 in
543 501 678 531 modum
703 499 914 531 Schmidtius
937 498 1063 537 ubique
1094 506 1156 536 per
1179 497 1303 527 librum
1328 507 1424 527 suum
1448 497 1576 529 eximia
1605 499 1761 529 doctrina
1784 499 1984 530 tenuissima
2006 499 2064 530 illa
2084 499 2145 530 fila

354 566 473 586 eruere
498 555 621 589 studet,
653 554 776 593 quibus
799 558 1004 593 argumenta
1026 551 1165 582 heroica
1193 560 1267 581 cum
1292 550 1419 582 Bacchi
1441 551 1566 582 fabulis
1591 552 1773 583 coniuncta
1802 551 1937 584 fuerint.
1982 553 2053 585 Sed
2081 554 2144 584 tali

354 610 530 650 diligentia
555 627 589 631 —
617 609 708 648 quod
732 608 792 637 viri
817 605 1040 637 eruditissimi
1063 615 1150 645 pace
1173 604 1319 635 dixerim
1341 623 1381 627 —
1406 615 1494 645 opus
1517 606 1654 636 omnino
1677 616 1745 636 non
1770 613 1836 642 est:
1869 617 1958 642 narn,
1993 608 2027 638 id
2049 608 2144 648 quod

356 672 479 704 postea
509 663 712 693 luculentius
742 659 1043 699 demonstrabitur,
1079 665 1187 690 totum
1220 659 1287 689 hoc
1309 657 1558 689 Bacchicorum
1589 659 1776 690 carminum
1809 670 1920 700 genus
1955 661 2147 692 Dorienses

356 717 507 758 Sicyonii
532 717 688 747 consulto
713 722 746 746 et
762 725 798 745 re
822 715 1004 753 diligenter
1025 722 1197 752 perpensa
1220 723 1240 742 a
1256 712 1383 743 Bacchi
1407 712 1488 743 fatis
1510 719 1544 744 et
1560 719 1680 749 morte,
1704 714 1803 744 nimis
1825 724 1908 746 sane
1928 715 2146 755 lugubribus,

355 773 398 801 ad
433 773 574 802 heroum
599 777 735 800 strenue
765 767 994 799 dimicantium
1027 765 1099 797 fata
1121 767 1360 802 traduxerunt,
1393 776 1461 807 qua
1482 768 1526 798 de
1548 778 1584 799 re
1618 768 1716 799 locus
1742 769 2058 808 praestantissimus
2092 776 2145 801 est

354 826 446 865 apud
479 825 693 855 Herodotum
729 825 756 857 5,
786 823 834 853 67.
881 821 965 851 Eum
999 830 1083 851 sane
1113 821 1225 851 locum
1256 820 1399 852 mirifica
1431 821 1535 861 plane
1570 827 1604 852 et
1635 821 1772 852 minime
1805 823 1977 861 probabili
2011 822 2146 854 ratione

354 879 574 911 Schmidtius.
606 878 715 908 Diatr.
739 887 771 916 p.
798 877 855 907 185
880 886 940 915 sq.,
969 880 1158 915 praeeunte
1182 873 1352 911 Lobeckw,
1379 874 1462 915 Agl.
1486 885 1516 914 p.
1539 875 1599 905 617
1623 874 1679 905 lin.
1703 877 1733 913 5,
1761 885 1862 915 quem
1886 875 2146 915 praeiudicatae

352 935 394 963 de
418 940 527 963 morte
551 932 672 971 Zagrei
697 931 865 971 opinionis
889 929 1057 961 tenacitas
1081 929 1229 968 decepit,
1261 929 1426 968 explicuit
1448 935 1482 959 et
1505 929 1538 959 in
1561 939 1657 959 suam
1680 936 1815 969 partem
1840 930 1978 960 trahere
2002 929 2141 961 studuit.

352 987 546 1018 Simonides
570 986 672 1025 igitur
695 985 726 1015 in
750 985 934 1015 Memnone
959 984 1180 1024 dithyrambo
1204 982 1399 1013 Memnonis
1422 992 1478 1013 res
1499 989 1620 1023 gestas
1645 990 1679 1014 et
1701 990 1846 1014 mortem
1870 983 1917 1014 ita
1939 989 2143 1023 persecutus

355 1050 416 1075 est.
433 1048 468 1071 ut
489 1047 545 1071 aut
560 1040 684 1070 nullam
702 1046 760 1069 aut
774 1040 885 1069 levem
903 1044 1035 1069 tantum
1050 1037 1083 1068 in
1100 1044 1299 1068 transcursu
1316 1036 1442 1067 Bacchi
1459 1037 1668 1067 mentionem
1683 1037 1823 1068 faceret.

395 1210 440 1239 15.
484 1207 678 1239 Simonides
705 1207 800 1246 quod
823 1203 1040 1245 tragoediam
1065 1203 1244 1243 scripsisse
1268 1202 1399 1238 dicitur,
1423 1203 1466 1233 de
1489 1202 1674 1233 Memnone
1698 1202 1978 1243 intellegendum.
2018 1203 2102 1234 Tra·

524 1261 673 1301 goediae
696 1270 821 1291 nomen
843 1259 955 1299 magis
980 1259 1161 1299 magisque
1183 1258 1297 1289 haesit
1319 1258 1352 1288 in
1376 1257 1584 1288 carminibus
1609 1257 1803 1298 argumenti
1826 1257 1964 1288 heroici.

501 1364 571 1395 Sed
589 1374 663 1395 cum
688 1365 752 1394 hac
772 1364 814 1393 de
828 1362 1015 1393 Simonidis
1032 1363 1216 1394 Memnone
1239 1363 1443 1403 quaestione
1460 1363 1526 1393 alia
1549 1373 1687 1403 quoque
1704 1373 1760 1394 res
1783 1362 1923 1403 cognitu
1942 1362 2147 1403 dignissima

352 1419 534 1450 coniuncta
558 1425 619 1453 est,
646 1428 736 1457 quae
759 1418 820 1448 toti
844 1417 922 1447 huic
944 1417 1061 1457 poesis
1087 1418 1210 1458 generi
1231 1418 1316 1449 lucis
1340 1417 1468 1458 aliquid
1497 1417 1634 1448 adferre
1657 1418 1779 1458 possit,
1802 1427 1974 1457 quamque
1997 1417 2146 1448 minume

354 1474 487 1504 silentio
522 1473 712 1512 praeterire
740 1473 850 1503 decet.
895 1471 1092 1503 Simonides
1125 1472 1230 1513 igitur
1257 1479 1347 1503 teste
1369 1472 1476 1504 Suida
1503 1471 1698 1512 tragoedias
1733 1472 1789 1502 vel
1816 1469 2027 1512 tragoediam
2062 1471 2143 1502 scri-

349 1529 461 1568 psisse
486 1527 641 1558 traditur.
664 1526 791 1558 Suidas
812 1528 898 1557 haee
922 1527 994 1557 eius
1019 1537 1127 1567 opera
1147 1533 1337 1559 enumerat:
1361 1528 1536 1566 γέγραπται
1557 1527 1645 1568 αὐτῷ
1661 1552 1666 1557 .
1682 1552 1706 1558 ..
1724 1526 1848 1564 Ξέρξου
1872 1526 2030 1564 ναυμαχία
2047 1524 2145 1557 ...δι’

350 1583 501 1620 ἐλεγείας,
534 1582 552 1619 ἡ
581 1582 607 1612 δ’
638 1582 672 1613 ἐν
695 1583 848 1620 Σαλαμῖνι
871 1583 1016 1620 μελικῶς,
1040 1583 1160 1620 θρῆνοι,
1185 1581 1333 1619 ἐγκώμια,
1357 1581 1587 1619 ἐπιγράμματα,
1611 1582 1746 1618 παιᾶνες
1771 1581 1821 1611 καὶ
1844 1580 2027 1620 τραγῳδίαι.
2067 1579 2144 1610 cod.

349 1636 457 1667 Paris
482 1636 515 1666 A
538 1636 706 1676 τραγῳδία.
752 1635 805 1666 Ac
829 1635 1040 1675 singularem
1065 1640 1203 1666 tuentur
1226 1635 1356 1666 scholia
1379 1644 1517 1674 quoque
1541 1635 1572 1665 in
1597 1634 1776 1674 Aristoph.
1802 1634 1854 1665 ed.
1876 1633 2017 1664 Bekker
2040 1633 2143 1672 (Lon-

351 1691 430 1725 dini,
456 1691 550 1729 1829)
573 1691 617 1720 ad
640 1689 748 1729 Vesp.
776 1691 862 1720 1411.
886 1689 1032 1721 Godofr.
1056 1689 1274 1720 Hermannus
1297 1688 1424 1729 Opusc.
1448 1688 1526 1725 VII,
1549 1690 1610 1720 214
1634 1688 1846 1720 Simonidem
1876 1697 1978 1718 unam
2002 1693 2143 1728 tragoe-

349 1745 439 1774 diam
464 1754 609 1784 eamque
631 1754 699 1774 non
722 1744 874 1784 lyricam.
899 1745 960 1775 sed
986 1744 1182 1775 Atticarum
1208 1743 1464 1784 tragoediarum
1489 1753 1585 1774 more
1613 1753 1740 1774 saeuae
1769 1743 1978 1773 destinatam
2001 1751 2141 1782 compo·

351 1799 460 1829 suisse
484 1799 680 1831 arbitratur.
714 1799 793 1829 licet
821 1808 994 1838 nunquam
1022 1799 1055 1828 in
1084 1808 1242 1830 scaenam
1269 1809 1344 1829 eam
1368 1799 1572 1838 productam
1599 1808 1677 1829 esse
1702 1797 1886 1838 probabile
1915 1797 1968 1828 sit.
2014 1795 2141 1835 Quidni

349 1853 437 1883 enim
462 1853 540 1882 talis
564 1858 678 1892 poeta,
706 1858 775 1882 tam
799 1853 951 1883 versatili
981 1852 1120 1892 ingenio
1143 1853 1333 1893 praeditus,
1362 1853 1579 1893 tragoediam
1606 1862 1744 1893 quoque
1767 1851 1963 1892 scripserit?
2008 1851 2139 1881 Verum

348 1906 482 1939 rectius.
508 1906 641 1945 opinor,
670 1906 775 1945 longe
803 1905 1089 1945 Schm·sdcwsnus,
1113 1907 1300 1937 Simonidis
1323 1907 1446 1947 fragm.
1469 1918 1502 1948 p.
1519 1909 1568 1942 52,
1597 1913 1786 1947 praeeunte
1810 1904 1984 1945 Bm'ckln'o,
2006 1905 2140 1937 staats·

348 1961 516 1991 haushalt.
541 1961 592 1991 ed.
618 1962 630 1991 1
659 1961 766 1998 (1817)
791 1962 856 1992 vol.
878 1961 920 1996 ΙΙ,
937 1962 1008 1997 362,
1032 1962 1075 1992 de
1097 1961 1181 2001 ipso,
1197 1960 1386 1993 Simonidis
1409 1961 1593 1993 Memnone
1616 1961 1793 2002 cogitavit,
1817 1960 1874 2000 qui
1898 1960 1977 1991 licet
2000 1969 2020 1990 a
2042 1958 2140 1991 Stra-

349 2015 440 2044 bone
465 2014 703 2054 dithyrambus
727 2015 930 2055 appelletur,
954 2025 1022 2046 non
1046 2015 1155 2046 minus
1178 2017 1267 2047 bene
1290 2016 1471 2056 tragoedia
1494 2016 1610 2047 vocari
1634 2016 1793 2056 potuerit.

498 2068 794 2099 Schneidewinum
818 2080 880 2100 suo
905 2070 976 2100 iure
999 2070 1047 2100 ita
1071 2070 1243 2105 statuisse.
1267 2071 1346 2101 inde
1370 2072 1525 2110 adparet,
1547 2071 1643 2110 quod
1665 2080 1770 2101 voces
1793 2069 1941 2108 τραγικὸς
1958 2068 2080 2107 τρόπος
2104 2073 2140 2099 et

349 2124 439 2161 χοροὶ
464 2124 604 2161 τραγικοί
627 2123 719 2153 haud
744 2124 847 2154 dubie
876 2124 918 2154 de
942 2124 1149 2155 carminibus
1172 2125 1288 2165 lyricis
1311 2135 1353 2155 eo
1381 2125 1448 2155 iam
1471 2132 1628 2166 tempore
1656 2129 1873 2164 usurpantur,
1906 2133 1976 2163 quo
2006 2123 2049 2154 de
2071 2128 2140 2153 tra-

349 2178 484 2217 goedia.
517 2177 627 2216 qualis
651 2177 787 2217 quidem
816 2177 878 2208 fuit
898 2177 1028 2214 Attica,
1063 2189 1139 2210 cum
1163 2185 1334 2219 apparatu
1368 2179 1585 2219 dialogorum
1610 2184 1644 2209 et
1672 2178 1885 2218 histrionum,
1920 2187 1963 2209 ne
1990 2175 2140 2217 cogitari

349 2233 487 2272 quidem
513 2238 642 2271 posset.
683 2232 774 2263 Suid.
799 2243 823 2264 s,
849 2243 878 2263 v.
904 2233 1018 2271 Ἀρίων
1035 2259 1040 2264 .
1059 2258 1063 2263 .
1082 2259 1087 2265 .
1104 2234 1228 2271 λέγεται
1251 2235 1302 2265 καὶ
1324 2235 1474 2272 τραγικοῦ
1496 2234 1620 2272 τρόπου
1648 2234 1780 2272 εὑρετὴς
1804 2234 1963 2270 γενέσθαι.
2011 2231 2138 2263 Herod.

348 2289 376 2319 Γ».
400 2287 439 2317 «37
471 2288 510 2317 τὰ
538 2287 642 2318 πάθεα
673 2288 772 2318 αὐτοῦ
800 2290 975 2325 τραγικοῖσι
1003 2290 1128 2327 χοροῖσι
1155 2289 1332 2327 ἐγέραιρον.
1377 2287 1481 2328 Diog.
1505 2286 1617 2318 Laert.
1640 2287 1688 2317 111
1713 2287 1740 2327 ξ.
1757 2287 1798 2318 56
1826 2287 1862 2318 τὸ
1884 2286 2020 2317 παλαιὸν
2043 2285 2078 2316 ἐν
2100 2287 2139 2326 τῇ

349 2343 508 2381 τραγῳδίᾳ
538 2342 636 2379 μόνος
663 2342 681 2372 ὸ
705 2343 802 2380 χορὸς
825 2343 1070 2380 διεδραμάτιζεν,
1101 2343 1240 2381 ὕστερον
1263 2343 1297 2374 δὲ
1321 2343 1444 2381 Θέσπις
1467 2343 1524 2374 ἕνα
1547 2342 1722 2380 ὑποκριτὴν
1745 2342 1880 2379 ἐξεῦρεν.
1926 2339 2138 2370 Aristoteles

349 2396 528 2426 notissimo
553 2397 629 2426 loco
655 2396 749 2427 Poet.
764 2398 782 2426 Ρ)
800 2396 1129 2436 Peloponnesiorum
1149 2397 1332 2428 nonnullos
1356 2397 1509 2437 origines
1532 2396 1737 2436 tragoediae
1761 2395 1824 2426 sibi
1847 2395 2040 2426 vindicasse
2061 2403 2139 2424 nar—
