2287 3116
1053 255 1071 284 9

271 405 297 435 7.
342 404 398 435 De
423 405 557 434 duobus
580 403 719 434 Pindari
743 413 886 443 operum
909 402 1077 432 indicibus
1102 402 1193 441 apud
1218 402 1358 431 §uidam
1385 408 1417 431 et
1441 402 1473 431 in
1499 403 1573 432 cod.
1588 402 1850 441 Rhedigerano.

348 458 479 498 Quibus
501 459 543 489 de
567 458 689 491 causis.
715 457 980 497 speciosioribus
1004 466 1096 491 sane,
1119 465 1221 495 quarn
1246 455 1448 489 verioribus.
1473 454 1602 485 Suidae
1625 456 1769 486 indicem

718 512 915 542 Boeckhius
939 511 1166 540 recentiorem
1190 509 1402 540 iudicaverit.

314 608 454 638 Pindari
478 618 621 648 operum
652 609 720 638 duo
745 608 787 638 ad
821 618 884 637 nos
907 613 1138 646 pervenerunt
1169 605 1298 636 indices
1322 606 1462 645 antiqui,
1491 607 1577 637 alter
1600 607 1691 646 apud
1718 606 1859 637 Suidam
1888 618 1957 638 ser-

165 670 276 696 vatus,
307 672 408 702 quem
438 672 482 692 ex
505 668 605 702 parte
636 662 757 692 saltem
780 661 953 700 expressit
977 667 1097 690 auctor
1120 660 1213 690 vitae
1236 659 1440 691 Pindaricae
1465 661 1622 691 versibus
1645 661 1856 691 hexametris
1879 672 1958 692 con-

166 717 316 756 scriptae
339 716 385 752 (in
409 715 667 747 westermanni
691 717 800 756 biogr.
823 725 854 755 p.
879 716 918 745 94
944 721 977 745 et
1001 714 1173 749 Ludwich,
1199 714 1286 744 Mus.
1311 714 1423 745 Rhen.
1448 715 1512 746 vol.
1538 716 1588 754 24,
1612 716 1695 749 362),
1721 716 1808 745 alter
1832 716 1863 745 in
1888 717 1959 746 vita

165 771 296 801 codicis
321 770 603 801 Vratislaviensis
627 770 866 809 Rhedigerani
895 772 939 808 (p.
965 770 1004 799 98
1029 769 1241 807 xxfesternr).
1286 768 1413 798 Eorum
1443 769 1589 799 indicum
1620 770 1707 800 ratio
1732 769 1868 800 diversa
1896 778 1958 805 est,

165 835 375 864 quamquam
408 825 440 854 in
467 831 615 864 utroque
639 824 847 854 voluminum
880 823 912 853 in
936 823 1142 854 universum.
1176 823 1208 852 in
1235 832 1325 862 quae
1348 823 1486 853 Pindari
1520 825 1670 854 carmina
1701 825 1958 857 distribuuntur,

168 889 299 909 summa
334 879 399 909 sibi
423 885 567 914 constat,
601 888 679 908 nam
703 878 808 908 XVII
831 878 1005 908 volumina
1037 887 1097 907 seu
1118 878 1194 908 libri
1223 884 1453 909 numerantur.
1497 878 1535 908 In
1559 878 1687 909 Suidae
1721 879 1833 910 indice
1860 880 1959 918 plura

168 933 356 963 carminum
381 943 512 972 genera
530 933 792 972 distinguuntur.
816 933 943 962 nullum
960 941 1070 971 genus
1095 932 1126 961 in
1142 933 1260 971 plures
1284 933 1389 963 libros
1407 933 1582 969 dividitur;
1606 933 1639 963 in
1662 935 1772 964 altero
1794 934 1960 972 pauciora

169 997 302 1027 genera
325 993 556 1022 numerantur,
581 997 700 1017 verum
727 987 858 1026 aliquot
881 996 1011 1026 genera
1035 986 1268 1026 compluribus
1292 987 1386 1016 libris
1411 993 1579 1021 constant,
1606 994 1639 1017 ut
1663 987 1763 1017 facile
1780 993 1959 1026 appareat,

169 1042 354 1072 carminum
373 1052 504 1081 genera
522 1041 553 1071 in
567 1042 692 1073 Suidae
708 1041 820 1071 indice
839 1041 996 1071 subtilius
1015 1041 1185 1075 distincta,
1206 1041 1237 1070 in
1255 1041 1383 1071 codicis
1396 1041 1635 1080 Rhedigerani
1652 1041 1763 1072 indice
1781 1042 1959 1081 complura

165 1106 295 1135 genera
313 1097 501 1126 secundum
521 1096 635 1135 legem
660 1097 833 1135 quandam
849 1095 1068 1135 cognationis
1092 1096 1154 1125 sub
1179 1095 1270 1125 idem
1294 1105 1417 1125 nornen
1436 1095 1616 1125 coniuncta
1633 1106 1719 1126 esse.
1745 1096 1960 1135 Conspectus

164 1150 268 1189 igitur
290 1151 470 1180 amborum
494 1150 642 1180 indicum
663 1150 718 1180 hic
741 1156 807 1180 est:
831 1149 956 1179 Suidas
979 1149 1100 1187 ἔγραψε
1123 1149 1233 1188 inquit
1256 1150 1385 1188 βιβλίοις
1406 1150 1439 1180 ιζ’
1455 1152 1625 1180 ...ταῦτα’
1643 1149 1887 1187 Ὀλυμπιονίκας
1903 1151 1959 1187 (1),

164 1204 359 1242 Πυθιονίκας
382 1205 439 1244 (2),
469 1204 679 1244 [Νεμεονίκας
704 1206 761 1242 (3),
785 1204 991 1241 Ἰσθμιονίκας
1015 1203 1084 1243 (4),]
1113 1204 1273 1242 προσόδια
1296 1204 1352 1242 (ξι),
1381 1205 1537 1241 παρθένια
1561 1205 1616 1239 (G),
1646 1205 1879 1243 ἐνθρονισμούς
1903 1204 1960 1244 (T)

166 1259 304 1296 Βακχικά
327 1260 383 1298 (8),
420 1259 650 1297 δαφνηφορικά
677 1259 729 1297 (9),
765 1260 904 1296 παιᾶνας
929 1259 1008 1297 (10),
1043 1258 1250 1296 ὑπορχήματα
1274 1259 1351 1295 (11),
1386 1258 1505 1296 ὕμνους
1533 1260 1609 1297 (12),
1644 1259 1858 1297 διθυράμβους
1882 1260 1959 1294 (13),

165 1313 280 1344 σκολιά
310 1314 388 1351 (14),
417 1314 555 1350 ἐγκώμια
579 1314 655 1351 (15),
682 1313 821 1351 θρήνους
844 1314 920 1352 (16),
949 1312 1095 1350 δράματα
1123 1312 1255 1351 τραγικά
1279 1312 1356 1350 (17).
1400 1312 1438 1342 In
1461 1313 1533 1342 vita
1561 1312 1689 1342 codicis
1720 1313 1960 1353 Rhedigerani

166 1368 253 1397 haec
276 1367 449 1406 leguntur:
475 1368 619 1406 Γέγραφε
644 1368 745 1406 βιβλία
768 1368 992 1398 ἑπτακαίδεκα·
1016 1367 1136 1405 ὕμνους
1159 1367 1216 1405 (1),
1246 1368 1385 1404 παιᾶνας
1409 1368 1462 1405 (2),
1489 1367 1687 1405 διθυράμβων
1708 1369 1734 1405 β’
1758 1368 1815 1404 (3),
1840 1375 1961 1406 προσο-

165 1422 242 1452 δίων
266 1424 292 1460 β’
316 1423 372 1459 (4),
396 1423 577 1460 παρθενίων
599 1425 635 1461 β’,
655 1423 787 1461 φέρεται
804 1423 838 1453 δὲ
862 1423 913 1453 καὶ
935 1425 973 1460 γ’,
995 1422 1012 1452 ὃ
1037 1422 1265 1459 ἐπιγέγραπται
1289 1422 1535 1459 κεχωρισμένων
1558 1422 1738 1459 παρθενίων
1762 1424 1807 1460 45)
1833 1420 1894 1463 [ita
1916 1432 1961 1452 ex

165 1475 333 1505 Boeckhii
367 1475 463 1506 Pind.
488 1475 610 1515 fragm.
635 1485 668 1515 p.
693 1477 753 1506 555
783 1474 1047 1516 emendationej,
1081 1475 1314 1514 ὑπορχημάτων
1339 1478 1365 1514 β*
1391 1476 1449 1514 (6),
1483 1476 1623 1514 ἐγκώμια
1650 1477 1707 1515 (7),
1742 1477 1881 1515 θρήνους
1905 1478 1959 1517 (S),

164 1530 311 1560 ἐπινίκων
333 1532 360 1560 δ’
385 1530 443 1567 (9).
470 1529 558 1560 conf.
574 1530 729 1565 Boeckh,
755 1530 852 1560 Pind.
871 1529 909 1559 fr.
926 1539 958 1569 p.
976 1531 1051 1565 555;
1075 1530 1204 1570 Bergk,
1229 1530 1326 1561 Poet.
1352 1530 1574 1570 Lyr.1⁴,367.
1618 1530 1832 1561 omittuntur
1856 1531 1961 1570 igitur

164 1582 197 1612 in
220 1583 332 1613 indice
357 1582 621 1614 Vratislaviensi
644 1584 793 1623 quinque
816 1594 984 1623 generum
1006 1583 1144 1613 nomina
1167 1584 1381 1622 ἑνθρονισμοί,
1405 1584 1551 1622 Βακχικά,
1575 1585 1812 1623 δαφνηφορικά,
1836 1585 1960 1623 σκολιά,

164 1637 309 1675 δράματα
332 1638 474 1676 τραγικά.

313 1691 368 1722 Ac
398 1692 597 1722 Boeckhius
631 1692 768 1731 quidem
801 1692 930 1723 Suidae
964 1692 1122 1725 indicem,
1157 1692 1190 1722 in
1226 1702 1293 1732 quo
1327 1693 1525 1732 diligentius
1559 1694 1796 1733 curiosiusque
1829 1705 1960 1735 genera

166 1746 434 1786 distinguuntur,
474 1746 703 1777 recentiorem
735 1747 871 1782 iudicat,
907 1747 1069 1786 quoniam
1093 1747 1160 1778 hoc
1185 1748 1414 1778 recentiorum
1449 1749 1584 1778 demum
1618 1754 1813 1788 temporum
1848 1749 1960 1785 fuerit,

166 1801 292 1840 lyricas
308 1801 495 1831 carminum
518 1801 647 1832 formas
669 1802 861 1832 accuratius
883 1801 1127 1837 discriminare,
1153 1809 1186 1832 et
1204 1803 1297 1842 quod
1320 1802 1521 1842 posterioris
1545 1803 1669 1833 aetatis
1691 1804 1813 1834 eruditi
1837 1804 1869 1834 in
1886 1805 1960 1835 istis

164 1855 315 1885 minutiis
339 1855 482 1885 multum
511 1865 639 1894 operae
662 1856 849 1895 posuerint.
873 1856 913 1886 cf.
938 1856 1091 1892 Boeckh,
1115 1856 1229 1887 Praef.
1254 1856 1369 1887 Schol.
1395 1857 1492 1887 Pind.
1518 1867 1550 1896 p.
1576 1857 1638 1888 XI.
1668 1858 1884 1888 Documento
1907 1865 1960 1889 est

164 1909 383 1948 Apollonius,
409 1909 461 1939 cui
478 1910 521 1939 ab
545 1911 611 1939 hoc
628 1910 819 1940 studiorum
844 1920 974 1950 genere
991 1921 1184 1950 cognomen
1206 1911 1348 1941 inditum
1367 1918 1419 1941 est
1443 1912 1460 1942 ὁ
1477 1911 1683 1950 εἰδογράφος.
1715 1912 1826 1952 Etym.
1844 1923 1960 1953 magn.

163 1973 196 2002 p.
217 1963 288 1998 295,
311 1965 349 1994 51
373 1974 398 1994 s.
422 1974 453 1992 v.
483 1963 695 2002 εἰδογράφος·
717 1965 946 2002 Ἀπολλώνιος·
969 1965 1076 2002 ἐπειδὴ
1105 1965 1229 2003 εὐφυὴς
1252 1966 1296 1996 ὢν
1322 1966 1356 1996 ἐν
1384 1969 1421 2005 τῇ
1451 1967 1630 2007 βιβλιοθήκῃ
1661 1967 1700 1997 τὰ
1723 1967 1792 2004 εἴδη
1820 1969 1888 2005 τοῖς
1917 1968 1959 1999 εἴ-

164 2020 252 2049 δεσιν
287 2018 459 2056 ἐπένειμεν.
504 2019 562 2056 τὰς
596 2019 656 2057 γὰρ
684 2019 846 2057 δοκούσας
881 2021 945 2050 τῶν
968 2021 1061 2060 ᾠδῶν
1090 2020 1220 2058 Δώριον
1255 2021 1352 2058 μέλος
1376 2020 1460 2058 ἔχειν
1494 2021 1543 2051 ἐπὶ
1566 2021 1602 2050 τὸ
1636 2021 1715 2051 αὐτὸ
1746 2024 1875 2059 συνῆγε,
1909 2023 1960 2053 καὶ

165 2072 308 2110 Φρυγίας
345 2073 395 2103 καὶ
431 2072 559 2110 Λυδίας,
593 2074 787 2110 μιξολυδιστὶ
810 2074 861 2104 καὶ
892 2073 985 2111 ἰαστί,
1021 2075 1064 2104 de
1087 2084 1156 2113 quo
1190 2074 1268 2104 loco
1293 2073 1333 2105 cf.
1356 2074 1572 2114 Bernhardy,
1605 2075 1682 2105 hist.
1709 2076 1771 2106 litt.
1794 2086 1845 2115 gr.
1868 2076 1910 2110 ΙΙ,
1944 2078 1957 2107 1

163 2126 282 2164 (1867),
306 2136 340 2165 Ρ.
357 2127 417 2157 622
435 2132 469 2156 et
486 2127 554 2158 720.
588 2126 726 2166 Quanta
749 2137 857 2167 saepe
881 2128 1056 2158 contentio
1073 2129 1116 2158 de
1141 2128 1328 2158 carminum
1345 2128 1608 2158 Pindaricorum
1630 2139 1761 2169 genere
1778 2131 1958 2165 exarserit,

162 2181 204 2211 lis
228 2181 270 2210 de
288 2180 413 2220 Pythio
436 2181 587 2211 carmine
609 2181 720 2212 altero
738 2182 898 2217 ostendit,
922 2183 964 2212 de
986 2192 1055 2221 qua
1080 2188 1217 2213 enarrat
1241 2181 1469 2213 501ιο1.Ρίη(1.
1486 2193 1519 2222 p.
1536 2184 1596 2213 312
1619 2183 1689 2214 init.
1714 2185 1958 2216 διεστασίασται

164 2235 224 2273 γὰρ
247 2235 285 2266 οὐ
311 2235 445 2273 μετρίως
477 2237 546 2273 τοῖς
569 2236 630 2274 πρὸ
661 2236 759 2273 ἡμῶν.
805 2236 833 2267 oi
857 2237 913 2273 μἐν
948 2237 1008 2275 γὰρ
1031 2237 1107 2268 οὐδὲ
1141 2237 1226 2274 ὅλως
1250 2237 1389 2267 ἐπίνικον
1413 2237 1512 2268 αὐτὸν
1536 2237 1616 2268 εἶναί
1639 2245 1730 2276 φασι,
1765 2239 1896 2277 Τίμαιος
1923 2241 1958 2270 δὲ

163 2290 378 2327 θυσιατήριον,
403 2290 604 2328 Καλλίμαχος
628 2291 662 2321 δὲ
679 2291 850 2328 Νεμεακόν,
873 2291 1049 2329 Ἀμμώνιος
1073 2292 1107 2322 δὲ
1131 2291 1182 2321 καὶ
1206 2291 1443 2330 Καλλίστρατος
1459 2291 1682 2329 Ὀλυμπιακὸν,
1705 2293 1782 2324 ἔνιοι
1806 2295 1840 2324 δὲ
1861 2294 1958 2325 Πυθι-

162 2344 227 2381 κόν,
250 2344 295 2381 ὡς
316 2343 534 2382 Ἀπολλώνιος
567 2344 585 2375 ὁ
610 2344 815 2383 εἰδογράφος,
840 2345 917 2376 ἔνιοι
941 2346 976 2376 δὲ
999 2345 1257 2383 Παναθηναϊκόν.
1302 2345 1366 2375 His
1401 2345 1593 2375 rationibus
1625 2347 1795 2377 adductus
1822 2347 1957 2378 Boeck-

162 2398 238 2428 hius
261 2398 388 2429 codicis
411 2398 694 2429 Vratislaviensis
718 2399 864 2429 indicem
889 2400 1105 2439 antiquorem
1130 2400 1269 2434 iudicat,
1295 2398 1423 2430 Suidae
1446 2400 1684 2430 recentiorem.

1741 2532 1756 2555 10
