2287 3116
1063 239 1094 268 ll

505 399 533 430 9.
580 398 757 438 Quaenam
781 407 837 427 res
860 397 1052 427 indubitato
1076 398 1283 428 documento
1308 398 1360 437 sit⁷
1384 398 1530 428 indicem
1556 400 1647 438 apud

684 451 825 482 Suidam
850 451 1112 490 Aristophaneo
1134 451 1357 482 vetustiorem
1382 461 1468 482 esse.

334 561 574 592 Confitendum
591 567 654 594 est.
675 560 841 590 Boeckhii
864 560 1201 599 argumentationem
1224 570 1386 599 magnam
1405 560 1477 590 veri
1504 561 1654 599 speciem
1672 562 1810 591 habere.
1846 562 1976 592 'samen

183 628 203 647 a
228 617 382 657 Bergkio
417 617 516 648 Poet.
540 616 620 656 Lyr.
645 616 683 650 1⁴,
717 615 775 646 1567
810 614 1001 645 rectissimo
1030 614 1154 644 iudicio
1189 615 1389 654 impugnata
1420 621 1486 647 est:
1521 624 1727 653 quamquam
1760 625 1828 645 non
1863 616 1977 645 omnia

183 672 323 712 negavit
357 671 542 711 Bergkius‚
579 671 639 701 sed
674 671 785 708 ἕτερον
819 671 875 707 μὲν
908 669 1017 703 ἔδωκε,
1051 669 1162 706 ἕτερον
1197 668 1223 698 δ’
1249 668 1432 699 ἀνένευσεν.
1480 669 1725 707 Aristophanis
1759 669 1848 699 enim
1884 670 1977 699 illam

182 726 366 757 editionem
396 725 512 758 fuisse.
550 736 639 765 quae
673 734 835 755 numeros
869 723 1035 753 librorum
1071 723 1268 762 adscriptos
1303 723 1462 755 ostendit.
1496 723 1560 752 illis
1595 723 1818 762 argumentis,
1854 724 1978 763 quibus

181 780 379 811 Boeckhius
413 790 484 810 rem
508 779 666 813 firmavit,
700 781 884 809 obsecutus
906 778 1080 817 Bergkius
1118 777 1286 807 concedit.
1331 776 1402 806 Sed
1431 778 1587 810 alterum.
1624 779 1716 816 quod
1740 778 1881 817 gravius
1915 785 1976 813 est,

181 836 286 875 longe
304 845 403 865 secus
428 845 464 865 se
480 836 610 865 habere
635 834 762 864 docuit:
788 833 893 863 index
917 833 1010 871 apud
1027 831 1178 864 Suidam,
1202 831 1258 870 qui
1280 831 1380 870 plura
1403 840 1534 869 genera
1549 831 1665 866 habet,
1690 832 1842 871 Bergkio
1865 832 1976 862 iudice

185 889 352 920 vetustior
376 896 443 924 est;
475 888 722 928 Aristophanis
745 889 802 918 ille
826 888 932 917 index
955 896 1031 917 cum
1054 885 1274 925 paucioribus
1298 885 1484 924 generibus
1508 885 1688 917 recentior.
1734 886 1910 926 Bergkius
1933 887 1977 916 ad

181 944 247 973 hoc
264 944 571 973 demonstrandum
595 942 678 972 satis
695 941 880 972 artificiosa
898 940 1201 980 argumentatione
1218 940 1331 975 utitur,
1357 950 1446 979 quae
1471 950 1550 969 num
1567 941 1724 971 omnibus
1747 941 1890 971 eruditis
1908 942 1975 977 illa,

182 1008 272 1037 quae
298 998 379 1031 volt,
403 998 595 1037 probatura
612 997 664 1031 sit,
689 996 838 1026 dubitari
863 1001 990 1035 potest.
1026 995 1155 1025 Verum
1179 1004 1283 1024 unum
1301 1005 1345 1025 ex
1370 995 1434 1024 illis
1451 995 1676 1034 argumentis,
1700 996 1793 1035 quod
1817 995 1849 1025 in
1867 1002 1976 1025 trans-

182 1063 281 1083 cursu
305 1053 478 1092 Bergkius
501 1052 628 1091 attigit,
657 1052 726 1082 tale
759 1051 839 1081 mihi
865 1050 1008 1084 videtur,
1044 1056 1080 1080 ut
1105 1049 1131 1079 si
1156 1059 1311 1079 seorsum
1335 1054 1484 1088 ponatur
1516 1056 1549 1078 et
1572 1055 1666 1079 recte
1689 1051 1733 1079 ab
1763 1050 1853 1079 omni
1876 1056 1976 1089 parte

182 1107 377 1140 illustretur,
403 1116 474 1136 rem
498 1107 600 1145 plane
624 1105 794 1136 conticere
819 1106 954 1135 debeat.
999 1104 1037 1134 In
1061 1103 1307 1142 Aristophanis
1332 1103 1452 1142 indice⁷
1476 1103 1531 1142 qui
1555 1113 1687 1143 genera
1709 1104 1876 1143 pauciora
1898 1114 1974 1134 cum

181 1161 331 1190 numeris
364 1160 529 1190 librorum
553 1159 737 1199 adscriptis
759 1160 876 1191 habet,
914 1159 1100 1189 carminum
1124 1158 1183 1187 illa
1219 1167 1344 1187 novem
1368 1167 1499 1196 genera
1532 1167 1599 1187 non
1624 1165 1755 1188 temere
1778 1159 1842 1193 vel,
1877 1165 1913 1188 ut
1943 1158 1975 1188 in

181 1216 293 1246 indice
317 1215 409 1255 apud
427 1214 578 1247 Suidam.
604 1215 790 1244 secundum
816 1213 971 1243 favorem
989 1213 1156 1243 lectorum
1180 1212 1350 1251 disposita
1371 1219 1457 1245 sunt,
1483 1213 1544 1241 sed
1568 1213 1611 1241 ad
1635 1222 1778 1242 norman
1801 1213 1974 1252 quandam

181 1270 273 1306 artisy
303 1270 346 1299 de
369 1279 437 1309 qua
463 1269 604 1299 Proclus
630 1268 918 1303 Chrestomathia,
944 1267 1104 1306 westph.
1129 1266 1201 1297 Ser.
1226 1266 1327 1296 Metr.
1351 1275 1382 1305 p.
1404 1267 1464 1296 2425
1488 1267 1661 1306 exposuit.
1701 1266 1970 1307 Distinguuntur

181 1325 273 1364 apud
297 1324 456 1355 Proclum
480 1330 551 1354 tres
574 1323 713 1353 omnino
737 1322 925 1353 carminum
948 1322 1134 1361 lyricorum
1159 1321 1289 1351 classes
1314 1320 1488 1351 diversae:
1513 1321 1625 1360 prima
1648 1321 1800 1351 continet
1824 1320 1976 1351 carmina

179 1379 212 1408 in
237 1380 332 1417 deos,
357 1379 466 1408 altera
488 1379 520 1408 in
543 1378 710 1412 homines⁷
734 1376 836 1407 tertia
860 1377 892 1406 in
917 1377 1039 1406 ambos
1064 1375 1171 1411 simul,
1198 1376 1283 1405 deos
1307 1382 1341 1405 et
1364 1375 1528 1405 homines.
1567 1375 1604 1405 In
1628 1376 1739 1414 prima
1762 1376 1874 1406 classe
1892 1375 1974 1405 Pro-

180 1433 252 1463 clus
275 1433 361 1463 haec
383 1438 558 1463 numerat:
594 1432 703 1470 ὕμνον,
727 1431 914 1470 προσόδιον,
940 1432 1070 1467 παιᾶνα,
1093 1430 1298 1467 διθύραμβον,
1329 1429 1489 1467 ἰόβακχον,
1513 1430 1731 1468 ὑπορχήματα.
1777 1429 1815 1459 In
1847 1431 1974 1461 altera:

180 1487 326 1525 {misma
351 1487 493 1524 ἐπινίκια,
516 1486 639 1523 σκολιά,
664 1486 809 1524 θρήνους.
854 1484 892 1514 In
915 1484 1030 1514 tertia:
1054 1485 1236 1522 παρθενεῑα,
1260 1483 1501 1522 δαφνηφορικά.

329 1541 585 1580 Aristophanes
613 1539 753 1570 Pindari
787 1539 937 1570 carmina
965 1538 1012 1568 ita
1041 1537 1220 1577 disposuit,
1252 1544 1288 1567 ut
1319 1537 1473 1568 eiusdem
1503 1538 1622 1568 classis
1651 1548 1783 1578 genera
1810 1539 1975 1578 deinceps

180 1601 334 1635 poneret,
364 1596 494 1625 classes
517 1604 601 1625 vero
625 1594 719 1634 ipsas
748 1594 796 1623 ita
820 1593 1006 1627 ordinaret,
1036 1598 1072 1621 ut
1097 1592 1247 1622 earmina
1270 1592 1303 1621 in
1336 1593 1422 1622 deos
1445 1592 1567 1631 primo,
1597 1592 1748 1622 carmina
1773 1593 1804 1622 in
1831 1593 1916 1623 deos
1942 1599 1976 1623 et

179 1650 335 1681 homines
360 1650 523 1685 secundo,
548 1649 698 1679 carmina
721 1648 754 1678 in
776 1648 933 1678 homines
956 1647 1058 1677 tertio
1083 1647 1160 1676 loco
1183 1652 1338 1686 poneret.
1381 1646 1492 1676 Unum
1517 1652 1649 1677 tantum
1674 1648 1871 1686 exemplum
1894 1648 1974 1678 huic

179 1704 248 1744 legi
274 1713 472 1744 repugnare
495 1703 641 1735 videtur.
663 1703 946 1743 hyporchemata‚
977 1711 1066 1741 quae
1090 1701 1235 1731 Proclus
1259 1701 1465 1731 carminibus
1491 1702 1523 1731 in
1548 1702 1632 1732 deos
1656 1702 1869 1737 adnumerat,
1894 1703 1974 1732 Ari-

181 1759 370 1798 stophanes
405 1758 612 1788 carminibus
648 1757 680 1787 in
716 1758 801 1787 deos
838 1762 872 1786 et
902 1755 1069 1786 homines.
1116 1756 1183 1787 Sed
1219 1756 1286 1785 iam
1323 1765 1427 1794 supra
1462 1755 1657 1795 expositum
1692 1762 1753 1791 est,
1787 1756 1975 1787 Pindarum

180 1813 455 1852 hyporchemata
478 1822 499 1841 a
513 1812 630 1851 prisca
654 1811 864 1841 sublimitate
879 1809 1065 1840 deflexisse
1090 1816 1123 1840 et
1138 1809 1312 1839 hominum
1335 1811 1438 1839 rebus
1458 1811 1758 1848 accommodasse;
1785 1810 1825 1841 cf.
1843 1810 1974 1850 Bergk,

179 1867 276 1898 Poet.
301 1867 379 1907 Lyr.
402 1866 441 1900 1⁴.
466 1867 526 1897 370
550 1872 637 1896 extr.
684 1866 749 1896 Hic
777 1865 964 1895 carminum
993 1864 1179 1904 lyricorum
1209 1864 1305 1898 ordo,
1341 1874 1443 1903 quem
1475 1864 1730 1903 Aristophanes
1765 1874 1834 1894 non
1870 1875 1974 1895 exco-

179 1922 313 1961 gitavit.
338 1922 399 1952 sed
422 1920 586 1951 traditum
610 1920 748 1954 invenit,
779 1927 850 1949 tam
873 1925 974 1958 aptus
998 1925 1032 1949 et
1056 1919 1203 1958 simplex
1228 1925 1290 1953 est,
1315 1925 1351 1948 ut
1372 1918 1492 1948 mirum
1516 1928 1584 1948 non
1609 1919 1660 1953 sit,
1693 1929 1779 1952 eum.
1809 1920 1903 1958 quod
1928 1929 1973 1949 ex

179 1976 303 2007 Proclo
328 1981 473 2007 constat„
499 1975 708 2005 eruditorum
729 1974 889 2014 plausum
912 1973 1040 2003 tulisse.
1084 1973 1157 2002 Iam
1180 1982 1263 2002 vero
1288 1979 1446 2011 apertum
1470 1973 1614 2004 videtur.
1645 1973 1728 2012 quid
1751 1973 1830 2002 inde
1855 1974 1897 2003 de
1927 1973 1974 2003 in-

180 2031 264 2061 dicis
287 2031 379 2070 apud
403 2028 545 2060 Suidam
569 2035 684 2059 aetate
708 2035 881 2068 sequatur,
913 2028 971 2067 qui
995 2027 1124 2057 maiore
1149 2036 1317 2067 generum
1347 2027 1449 2066 copia
1472 2028 1619 2061 excellit,
1649 2028 1710 2057 sed
1739 2027 1974 2067 dispositionis

179 2084 394 2125 praestantia
428 2084 533 2123 longe
566 2082 706 2113 inferior
741 2089 803 2113 est.
853 2082 1002 2120 Minime,
1036 2081 1168 2120 opinor,
1204 2081 1369 2111 credibile
1403 2081 1586 2120 videbitur,
1621 2082 1774 2112 criticum
1811 2082 1972 2121 aliquem,

179 2139 246 2178 qui,
281 2148 385 2178 quom
417 2137 538 2168 indicis
562 2136 812 2175 Aristophanei
845 2136 968 2166 notitia
999 2136 1148 2165 imbutus
1183 2142 1284 2171 esset,
1314 2135 1453 2166 Pindari
1489 2137 1601 2166 denuo
1634 2136 1757 2166 edendi
1793 2136 1974 2166 consilium

179 2193 339 2233 agitaret,
362 2193 429 2223 hoc
451 2191 680 2222 admissurum
710 2191 826 2225 fuisse,
860 2197 897 2220 ut
927 2190 1083 2220 ordinem
1118 2191 1162 2220 ab
1187 2190 1424 2229 Aristophane
1456 2190 1646 2220 institutum
1676 2190 1836 2221 disiceret
1871 2197 1904 2221 et
1939 2191 1973 2220 in

181 2247 337 2287 corporis
372 2248 462 2277 bene
485 2245 645 2286 dispositi
669 2246 781 2276 locum
804 2244 1015 2284 farraginem
1044 2243 1116 2274 sine
1144 2250 1238 2274 certa
1266 2245 1346 2284 lege
1373 2245 1418 2274 ad
1446 2245 1624 2275 arbitrium
1651 2246 1706 2274 vel
1735 2246 1779 2274 ad
1805 2245 1974 2275 lectorum

179 2303 416 2341 qualecunque
440 2302 483 2331 de
505 2300 719 2340 praestantia
742 2299 929 2330 carminum
953 2298 1113 2328 iudicium
1136 2298 1366 2336 compositam
1391 2299 1624 2329 substitueret.
