2287 3116
1031 273 1067 304 17

157 384 230 408 rat:
255 377 492 408 ἀντιποιοῦνται
510 377 629 414 ...τῆς
653 374 834 414 τραγῳδίας
858 373 937 404 ἔνιοι
961 373 1024 402 τῶν
1047 371 1080 402 ἐν
1096 370 1350 411 Πελοποννήσῳ,
1373 371 1560 407 ποιούμενοι
1583 370 1621 401 τὰ
1645 369 1788 406 ὀνόματα
1803 370 1945 406 σημεῖον.

157 431 196 462 Id
220 430 375 462 fecerunt
395 440 439 461 eo
462 430 561 460 titulo
583 428 670 463 freti,
691 428 782 467 quod
805 426 992 458 carminum
1015 425 1202 465 lyricorum
1225 425 1317 465 apud
1342 434 1401 455 eos
1424 434 1536 464 genus
1559 424 1734 464 quoddam
1759 422 1945 462 antiquitus

159 485 273 516 extitit
297 483 541 525 '‘tragoediae''
564 482 700 513 nomine
722 486 966 521 nuncupatum.
1010 479 1050 509 Id
1072 489 1157 509 vero
1180 489 1291 519 genus
1315 478 1371 508 ubi
1394 479 1533 508 tandem
1556 483 1724 507 terrarum
1748 477 1857 507 latere
1885 486 1946 515 po-

156 546 234 576 test,
257 539 320 570 nisi
344 539 376 569 in
403 539 469 569 illis
491 536 709 570 carminibus,
732 536 855 576 quibus
879 545 898 565 a
921 533 1035 565 choris
1059 531 1280 572 Dionysiacis
1307 531 1449 571 tragicis
1477 531 1620 560 heroum
1644 529 1780 560 fortiter
1804 535 1837 560 et
1862 535 1945 559 stre-

162 603 228 624 nue
252 594 419 623 adversus
442 592 601 622 fortunae
622 591 691 621 tela
715 589 946 620 dimicantium
970 588 1042 618 fata
1063 586 1295 618 canebantur?
1323 585 1483 624 Apparet
1506 584 1611 624 igitur
1634 584 1666 613 in
1690 583 1876 614 Simonidis
1900 583 1947 612 di-

158 647 377 687 thyrambum
405 646 624 677 Memnonem
652 644 856 685 tragoediae
889 641 1159 683 appellationem
1188 639 1319 680 optimo
1353 640 1426 669 iure
1455 639 1590 669 cadere.
1641 637 1835 669 Simonides
1868 646 1947 666 num

158 702 273 741 plures
296 701 505 740 tragoedias
523 710 565 730 an
588 701 676 730 hanc
701 700 808 729 solam
827 697 1088 728 “Memnonem''
1109 694 1294 734 scripserit,
1316 700 1461 733 propter
1478 692 1635 723 lectionis
1658 692 1822 721 incertam
1844 689 1949 720 fidem

157 755 332 785 diiudicari
357 754 483 794 nequit.

222 934 269 964 16.
314 933 370 963 De
392 933 568 963 Praxillae
593 931 780 962 “Achillen
825 931 983 961 Rectene
1008 930 1151 967 dicatur,
1176 940 1235 960 eas
1259 929 1497 959 tantummodo
1523 927 1659 958 fabulas
1681 927 1838 957 heroicas
1861 926 1893 956 in

257 987 497 1027 dithyrambos
520 986 689 1016 admissas
713 995 799 1021 esse,
823 985 946 1025 quibus
969 995 1045 1015 cum
1069 984 1195 1015 Bacchi
1220 983 1344 1014 fabulis
1368 982 1588 1014 necessitudo
1612 982 1851 1012 intercederet.

305 1087 433 1117 Verum
459 1096 502 1116 ne
518 1086 627 1116 omnis
651 1085 906 1126 argumentatio
922 1091 1041 1115 nostra
1053 1095 1120 1115 uno
1136 1084 1321 1116 Simonidis
1336 1084 1521 1114 Memnone
1543 1083 1604 1114 niti
1619 1083 1787 1120 videatur,
1806 1083 1951 1112 aliorum

163 1151 300 1181 quoque
323 1147 504 1181 poetarum
524 1150 612 1170 nunc
629 1140 838 1180 dithyrambi
861 1140 1093 1179 perlustrandi
1110 1145 1197 1179 sunt,
1220 1149 1361 1179 quorum
1388 1148 1432 1168 ex
1456 1138 1582 1168 fabulis
1604 1137 1751 1168 heroicis
1767 1147 1950 1176 argumen—

158 1203 228 1226 tum
251 1195 396 1235 petitum
427 1201 489 1226 est.
533 1194 713 1224 J'raxillac
736 1194 1001 1234 dithyrambum,
1036 1193 1088 1224 cui
1107 1194 1275 1232 Ἂχιλλεύς
1298 1193 1417 1223 titulus
1440 1191 1511 1225 fuit.
1544 1191 1761 1231 Hephaestio
1783 1196 1952 1221 memorat

159 1249 331 1280 Enchirid.
355 1250 408 1280 ed.
431 1248 627 1288 Westphal,
645 1249 737 1288 Lips.
759 1249 839 1280 1866
861 1258 893 1288 p.
913 1249 960 1285 11,
986 1249 1023 1279 16
1045 1248 1132 1286 παρὰ
1154 1248 1316 1288 Πραξίλλῃ
1341 1248 1376 1278 ἐν
1399 1247 1606 1285 διθυράμβοις
1629 1246 1664 1277 ἐν
1687 1246 1752 1286 ὠδῇ
1776 1246 1950 1284 ἐπιγραφο-

161 1304 236 1344 μένῃ
258 1303 443 1342 Ἀχιλλεύς”
472 1302 566 1334 Ἀλλὰ
592 1303 667 1334 τεὸν
691 1303 728 1334 οὔ
751 1313 830 1334 ποτε
854 1303 954 1341 θυμὸν
985 1303 1030 1333 ἐνὶ
1053 1303 1229 1340 στήθεσσιν
1252 1302 1391 1333 ἔπειθον.
1435 1300 1481 1332 Μ.
1505 1300 1712 1332 Schmidtius
1735 1300 1768 1330 in
1790 1299 1952 1330 Diatriba

156 1367 188 1397 p.
210 1358 280 1393 212,
309 1357 402 1397 quod
431 1357 464 1387 in
494 1356 713 1396 dithyrambo
739 1356 819 1387 fatis
841 1355 995 1386 Achillis
1019 1357 1116 1386 locus
1141 1365 1326 1387 concessus
1350 1356 1402 1390 sit,
1430 1365 1471 1385 ea
1494 1365 1531 1385 re
1554 1354 1614 1384 niti
1639 1354 1835 1392 arbitratur,
1858 1354 1951 1393 quod

158 1411 305 1442 Achillis
332 1411 465 1442 cineres
493 1411 526 1441 in
548 1420 652 1441 aureo
679 1411 737 1441 illo
761 1416 896 1442 cratere
923 1411 1054 1441 conditi
1082 1410 1217 1449 fuerint,
1241 1420 1343 1450 quem
1366 1410 1524 1440 Bacchus
1548 1409 1629 1439 olim
1652 1408 1802 1443 Thetidi,
1828 1408 1949 1438 Thetis

160 1465 230 1496 filio
254 1466 464 1499 donavisset,
489 1475 556 1505 qua
580 1466 623 1496 de
646 1476 684 1496 re
706 1465 928 1497 Stesichorus
952 1475 1090 1505 quoque
1112 1470 1324 1495 narraverat.
1360 1463 1474 1495 Schol.
1495 1463 1591 1493 Iliad.
1613 1463 1699 1501 ψ,92
1723 1463 1950 1501 Διόνυσος...

159 1521 305 1558 διωχθεὶς
323 1546 329 1551 .
347 1520 587 1559 ..καταφυγὼν
615 1519 661 1558 εἰς
688 1519 872 1555 Θάλασσαν,
901 1520 1113 1558 φιλοφρόνως
1143 1518 1242 1549 αὐτὸν
1273 1519 1513 1556 ὑποδεξαμένης
1543 1518 1692 1556 Θέτιδος,
1721 1517 1842 1548 ἔδωκεν
1870 1517 1950 1558 αὐτῇ

155 1573 213 1604 τὸν
236 1573 512 1612 ἡφαιστότευκτον
536 1572 693 1611 ἀμφορέα.
729 1573 747 1610 ἡ
765 1573 799 1604 δὲ
821 1575 865 1614 τῷ
888 1573 976 1604 παιδὶ
999 1573 1181 1611 ἐχαρίσατο,
1205 1572 1294 1610 ὅπως
1317 1573 1395 1610 μετὰ
1418 1571 1558 1603 θάνατον
1582 1572 1616 1603 ἐν
1639 1571 1726 1611 αὐτῷ
1750 1571 1849 1602 αὐτοῦ
1873 1570 1952 1602 ἀπο-

155 1629 231 1667 τεθῇ
255 1627 294 1657 τὰ
317 1626 409 1657 ὀστᾶ.
458 1626 582 1665 ἱστορεῖ
605 1626 814 1664 Στησίχορος.
857 1625 989 1656 Eodem
1015 1633 1174 1666 spectare
1197 1626 1369 1666 Lycophr.
1394 1625 1600 1656 Alexandra
1620 1626 1681 1656 273
1707 1627 1849 1663 κρατῆρα
1874 1625 1951 1656 Βάκ-

156 1691 215 1719 χου
239 1681 370 1712 δύσεται
392 1681 632 1718 κεκλαυσμένος
655 1680 666 1719 Η
689 1681 872 1718 νύμφαισιν,
897 1681 927 1711 αἳ
951 1681 1087 1719 φίλαντο
1111 1682 1264 1720 Βηφύρου
1290 1681 1390 1720 γάνος
1410 1680 1422 1720 Η
1443 1681 1629 1719 Λειβηθρίαν
1652 1680 1689 1711 θ’.
1737 1679 1859 1719 Itaque
1884 1689 1953 1709 non

158 1741 230 1765 tam
254 1734 401 1765 Achillis
424 1741 580 1766 mortem.
605 1744 707 1774 quam
730 1735 941 1774 sepulturam
967 1735 1082 1774 potius
1104 1746 1124 1765 a
1146 1735 1300 1765 Praxilla
1322 1742 1497 1765 narratam
1521 1745 1607 1765 esse.

307 1789 378 1820 Sed
405 1789 486 1820 licet
513 1790 600 1819 haec
624 1789 878 1829 speciosissime
909 1796 943 1819 et
967 1790 1189 1820 subtilissime
1217 1790 1417 1829 excogitata
1442 1790 1518 1827 sint,
1547 1796 1663 1819 tamen
1686 1799 1755 1819 non
1786 1789 1951 1823 adducor,

155 1849 193 1873 ut
215 1844 365 1876 credam.
399 1843 447 1874 eis
471 1844 554 1874 solis
584 1843 799 1874 heroicarum
823 1843 1016 1874 fabularum
1050 1845 1264 1885 argumentis
1289 1845 1419 1875 aditum
1453 1844 1496 1874 ad
1521 1844 1758 1883 dithyrambos
1786 1843 1951 1882 patuisse,

157 1897 282 1936 quibus
302 1897 417 1936 aliqua
441 1907 517 1928 cum
533 1897 662 1928 Bacchi
678 1897 786 1936 ipsius
809 1898 913 1928 rebus
928 1898 1039 1937 gestis
1063 1903 1098 1928 et
1116 1897 1241 1928 fabulis
1256 1897 1477 1928 necessitudo
1494 1897 1735 1927 intercederet.
1771 1895 1953 1927 Schmidtii

157 1960 262 1991 super
285 1951 338 1981 his
361 1952 465 1982 rebus
489 1951 703 1982 luxuriantes
727 1961 810 1982 sane
832 1952 1022 1991 paullulum
1044 1953 1260 1983 coniecturas
1284 1962 1406 1983 severe
1427 1951 1607 1991 redarguit
1628 1951 1782 1981 Evaldus
1804 1950 1956 1981 Sclzez'bel

157 2004 191 2035 in
214 2005 476 2045 elegantissimo
497 2005 616 2035 libello
640 2005 866 2036 scholastico:
893 2007 936 2035 de
959 2005 1269 2047 Dithyramborum
1295 2006 1509 2037 Graecorum
1533 2005 1745 2046 argumentis
1773 2005 1955 2045 (Liegnitz,

163 2059 256 2097 1862)
277 2068 359 2099 pag.
376 2059 475 2090 XVI.
511 2059 596 2089 Mihi
620 2059 831 2089 Schmidtius
854 2060 1102 2100 vituperandus
1123 2072 1191 2092 non
1214 2062 1365 2093 videtur:
1387 2071 1466 2091 nam
1491 2061 1570 2091 licet
1593 2061 1666 2090 eius
1690 2060 1886 2099 opinionem
1910 2069 1954 2090 ne

157 2111 234 2151 ipse
267 2112 406 2152 quidem
429 2114 584 2153 probem,
619 2119 734 2144 tamen
763 2120 858 2144 recte
881 2114 971 2150 fecit,
1007 2116 1101 2155 quod
1125 2116 1401 2156 experimentum
1428 2115 1520 2150 illud,
1555 2115 1647 2155 quod
1674 2114 1873 2145 necessario
1907 2115 1952 2144 ab

157 2167 369 2197 eruditorum
393 2167 510 2207 aliquo
539 2168 753 2198 subeundum
776 2167 847 2203 fuit,
883 2174 1022 2199 strenue
1049 2175 1083 2200 et
1107 2170 1260 2210 egregiis
1289 2170 1467 2200 doctrinae
1490 2169 1600 2209 copiis
1633 2168 1783 2199 munitus
1804 2167 1952 2208 peregit.

161 2220 337 2252 Praxillae
366 2222 470 2261 igitur
491 2221 665 2252 Achillem
696 2222 850 2252 eiusdem
881 2223 1068 2253 carminum
1099 2224 1239 2264 generis
1267 2224 1465 2264 exemplum
1495 2223 1602 2254 fuisse
1635 2223 1793 2262 arbitror,
1824 2222 1877 2253 cui
1900 2221 1952 2253 Si-

158 2275 307 2305 monidis
322 2275 543 2306 Memnonem
567 2276 833 2306 adscribendum
856 2276 1014 2313 vidimus,
1039 2278 1132 2318 quod
1155 2284 1344 2318 cognatum
1367 2278 1505 2318 quidem
1528 2287 1604 2308 cum
1628 2277 1866 2317 dithyrambis,
1890 2277 1952 2307 sed

158 2327 296 2358 minime
325 2329 415 2359 idem
445 2335 550 2368 atque
576 2328 624 2359 illi
653 2334 756 2359 esset.
800 2328 880 2359 Hoc
907 2339 1047 2369 quoque
1075 2328 1237 2368 exemplo
1267 2334 1434 2368 apertum,
1467 2328 1599 2368 opinor,
1632 2326 1679 2363 fit,
1715 2337 1782 2366 quo
1812 2327 1952 2357 tandem

157 2381 285 2419 titulus,
323 2383 366 2412 de
397 2392 467 2423 quo
499 2393 603 2422 supra
634 2383 885 2422 disputavimus
919 2383 1089 2422 δραμάτων
1117 2384 1274 2421 τραγικῶν
1308 2383 1340 2413 in
1369 2381 1498 2414 Suidae
1533 2381 1644 2412 indice
1679 2386 1821 2421 spectet.
1866 2380 1953 2411 Eum

158 2435 416 2476 Aristophanes
438 2437 628 2477 Byzantius
656 2436 885 2477 dithyrambis
909 2437 1075 2469 adiunxit.
1120 2436 1301 2468 Vetustior
1326 2436 1382 2466 ille
1404 2435 1610 2466 Pindaricae
1633 2434 1750 2474 poesis
1777 2434 1952 2465 existima-

158 2496 223 2525 tor,
259 2490 317 2530 qui
346 2490 474 2522 Suidae
505 2491 652 2522 indicem
680 2491 772 2526 fecit,
804 2500 825 2520 a
855 2491 1083 2531 dithyrambis
1116 2491 1300 2531 separavit.
1344 2490 1467 2530 Itaque
1497 2490 1596 2520 huius
1629 2489 1769 2529 generis
1802 2498 1953 2519 carmina

1739 2544 1754 2568 3
