2287 3116
1050 239 1086 269 21

169 343 267 378 λυται,
298 341 408 378 ἥντινα
435 339 549 371 πολλοὶ
578 340 590 379 Η
620 339 692 370 λαοὶ
720 338 893 377 φημίξωσι·
924 337 998 375 Θεός
1025 337 1063 368 νύ
1087 337 1134 374 τίς
1157 337 1226 367 ἐστι
1254 337 1304 366 καὶ
1333 336 1421 373 αὐτή.
1467 336 1616 366 Narrant
1640 335 1743 376 igitur
1767 336 1961 376 complures

170 395 356 435 scriptores
372 393 560 435 Epagenem
582 391 779 434 Sicyonium
802 392 951 432 primum
974 390 1193 430 tragoediam
1215 389 1405 430 scripsisse,
1430 389 1462 419 in
1486 399 1554 429 qua
1579 407 1614 411 —
1639 390 1794 420 mirabile
1811 390 1903 420 dictu
1927 407 1964 412 —

170 459 238 479 non
259 449 396 484 Bacchi,
421 448 492 483 sed,
515 457 586 478 rem
610 446 797 477 inauditam
821 456 935 482 ausus,
958 446 1103 476 heroum
1125 443 1268 475 alicuius
1291 443 1363 473 fata
1386 449 1592 483 prosecutus
1613 444 1665 474 sit.
1711 443 1796 474 Eum
1822 445 1963 474 heroem

172 504 360 534 Adrastum
384 502 490 534 fuisse
512 511 557 533 ex
580 501 752 532 Herodoti
775 501 852 530 loco
876 502 905 534 5,
928 500 967 531 67
991 498 1034 530 Ο.
1056 498 1243 528 Muellerus
1266 498 1351 529 Dor.
1375 498 1430 533 11²,
1455 498 1515 529 360
1540 498 1684 538 egregie
1707 498 1882 529 conclusit.
1921 497 1962 530 cf.

169 557 335 591 Schmidt,
369 556 478 587 Diatr.
507 556 550 586 de
577 555 799 595 dithyrambo
828 564 860 594 p.
879 554 947 585 185.
992 552 1182 593 Exponunt
1213 552 1257 583 de
1281 552 1445 592 Epigenis
1477 552 1617 583 invento
1642 553 1724 583 data
1749 562 1857 592 opera
1881 553 1962 583 scri-

168 617 298 652 ptores,
324 611 381 650 qui
402 610 590 650 proverbii:
615 609 712 641 οὐδὲν
734 610 816 648 πρὸς
839 610 896 640 τὸν
919 607 1082 639 Διόνυσον
1106 607 1275 647 originem
1299 607 1496 646 explanant.
1520 605 1783 637 Gravissumum
1808 607 1964 638 testimo-

166 666 258 696 nium
282 671 335 696 est
357 664 472 695 Photii
496 664 528 694 in
552 664 682 695 Lexico
705 663 747 696 ΙΙ,
772 665 811 694 35
834 663 888 694 ed.
912 662 1030 693 Naber
1054 666 1088 693 et
1114 660 1289 701 Apostolii
1312 661 1346 691 in
1367 661 1698 701 Paroemiographis
1722 660 1960 692 edition.G0t-

169 719 316 760 tingens.
343 718 384 753 ΙΙ,
408 719 478 753 585,
511 718 568 758 qui
597 719 640 748 ad
664 719 808 748 verbum
831 717 1061 748 consentiunt:
1091 716 1279 754 Ἐπιγένους
1310 717 1367 747 τοῦ
1392 716 1567 747 Σικυωνίου
1590 716 1771 756 τραγῳδίαν
1794 715 1839 754 εἰς
1864 715 1963 747 αὐτὸν

167 774 376 812 ποιήσαντος,
400 773 619 812 ἐπεφώνησάν
640 783 725 811 τινες
747 774 854 804 τοῦτο.
891 771 966 803 ὅθεν
989 771 1007 809 ἡ
1031 770 1192 809 παροιμία.

318 828 412 858 Inest
441 828 472 858 in
504 829 556 859 his
587 827 703 858 verbis
731 832 854 866 aperta
882 825 1124 865 repugnantia.
1168 824 1257 854 Nam
1282 824 1485 855 acclamavit
1508 824 1656 864 populus
1679 824 1837 864 Epigeni,
1868 824 1962 864 quod

168 883 250 913 nihil
276 882 333 912 ille
364 882 407 912 de
431 882 569 912 Baccho
598 881 750 915 dixerat;
788 880 905 919 itaque
935 879 980 917 εἰς
1004 879 1103 910 αὐτὸν
1132 888 1250 909 verum
1280 888 1357 909 esse
1382 878 1509 918 nequit.
1557 878 1791 917 Quamobrem
1816 879 1872 908 alii
1897 878 1964 909 alia

168 937 303 967 ratione
327 937 435 967 verba
458 936 644 966 emendare
667 935 878 965 studuerunt.
899 933 1118 969 Welekerus,
1140 933 1198 972 qui
1219 933 1451 972 compluriens
1477 933 1588 963 locum
1612 933 1785 968 tractavit,
1808 933 1965 973 negatio-

167 1001 246 1022 nem
269 991 432 1021 insertam
455 991 541 1028 volt3
576 995 680 1029 atque
706 989 764 1020 οὐκ
795 998 901 1028 saepe
929 988 962 1018 in
986 987 1214 1026 scriptoribus
1237 987 1402 1017 omissum
1422 997 1516 1023 esse;
1549 987 1729 1027 Nachtrag
1753 997 1811 1017 zur
1835 987 1963 1018 Aesch.

167 1045 248 1076 Tril.
274 1055 305 1085 p.
323 1045 393 1076 277.
417 1051 504 1075 extr.
529 1050 562 1075 et
575 1043 711 1074 Griech.
724 1042 947 1074 Gotterlehre
963 1042 987 1077 Ι,
1000 1042 1050 1072 93.
1083 1041 1282 1073 odofredus
1306 1048 1427 1072 contra
1440 1041 1638 1076 Muellerus,
1653 1041 1812 1073 Doriens.
1828 1041 1967 1076 11²..360

168 1100 214 1138 εἰς
236 1099 423 1138 Ἀδραστον
452 1099 582 1138 optime
610 1098 765 1129 coniecit.
810 1097 941 1127 Eadem
974 1096 1107 1127 ratione
1138 1096 1213 1126 aliis
1247 1106 1385 1136 quoque
1414 1096 1621 1134 scriptorum
1649 1095 1733 1126 locis
1757 1096 1855 1134 αὐτὸς
1886 1106 1964 1135 pro-

169 1164 294 1184 nomen
317 1154 350 1184 in
373 1153 520 1184 nominis
544 1153 675 1193 proprii
704 1153 816 1183 locum
843 1151 991 1191 irrepsit,
1021 1151 1116 1181 velut
1140 1161 1159 1181 e
1182 1150 1341 1181 Muelleri
1364 1150 1563 1181 coniectura
1586 1150 1619 1180 in
1642 1150 1906 1190 Prolegomenis
1928 1150 1961 1180 in

169 1208 428 1249 Mythologiam
450 1217 482 1247 p.
500 1208 560 1239 272
584 1208 677 1247 apud
700 1207 788 1237 Plut.
812 1206 913 1237 Thes.
931 1206 984 1236 23:
1009 1205 1141 1246 ἐξῃρέθη
1165 1206 1201 1236 δὲ
1222 1206 1355 1243 τέμενος
1379 1205 1472 1241 Αἰγεῖ,
1498 1205 1555 1234 ubi
1580 1205 1716 1235 codices
1740 1204 1844 1236 falso:
1869 1205 1963 1244 αὐτῷ,

170 1269 275 1303 atque
298 1263 490 1293 adsentitur
511 1261 678 1292 Muellero
701 1260 920 1295 Welckerus,
943 1260 1084 1290 Nachtr.
1107 1269 1138 1299 p.
1156 1260 1226 1290 205.
1267 1259 1345 1290 Una
1368 1260 1444 1289 sola
1466 1265 1519 1290 est
1542 1259 1742 1290 retinendae
1767 1259 1958 1299 scripturae

168 1317 215 1356 εἰς
239 1317 338 1348 αὐτὸν
361 1317 431 1346 via:
461 1316 489 1347 si
513 1316 667 1346 dicamus
689 1315 833 1346 indicari
855 1315 900 1350 id,
926 1314 1021 1354 quod
1045 1319 1082 1344 ut
1112 1313 1244 1344 faceret
1266 1313 1451 1353 Epigenes,
1481 1323 1501 1343 a
1524 1313 1652 1352 populo
1678 1314 1958 1352 exspectabatur.

169 1371 270 1402 Hunc
293 1371 325 1401 in
348 1371 490 1401 modum
513 1369 643 1409 reliqui,
669 1369 727 1409 qui
748 1370 837 1399 hanc
860 1368 1127 1408 explicationem
1151 1367 1320 1403 adferunt,
1344 1378 1416 1399 rem
1440 1368 1618 1407 accepisse
1641 1368 1808 1399 videntur.
1838 1367 1963 1399 Suidas

169 1436 194 1456 s.
211 1436 242 1456 v.
266 1426 361 1457 οὐδὲν
384 1425 467 1463 πρὸς
489 1425 546 1456 τὸν
558 1423 611 1464 Δ.]
638 1424 825 1462 Ἐπιγένους
848 1425 906 1454 τοῦ
930 1423 1106 1454 Σικυωνίου
1129 1423 1312 1463 τραγῳδίαν
1336 1422 1380 1460 εἰς
1403 1423 1460 1454 τὸν
1483 1422 1648 1454 Διόνυσον
1670 1423 1868 1460 ποιήσαντος
1892 1424 1962 1454 ἑπε-

167 1479 328 1518 φώνησάν
351 1489 436 1518 τινες
458 1481 565 1516 τοῦτο,
588 1488 692 1518 quam
715 1478 919 1517 scripturam
942 1481 980 1507 ut
1005 1482 1135 1507 rectam
1159 1476 1314 1507 defendit
1330 1476 1529 1516 Pinzgerus,
1554 1477 1597 1507 de
1612 1476 1790 1507 Dramatis
1815 1476 1965 1508 Graeco-

170 1544 245 1564 rum
275 1533 416 1574 satyrici
444 1533 530 1573 orig.
553 1532 694 1564 Vratisl.
721 1533 800 1563 1822
823 1542 854 1572 p.
877 1532 924 1563 12.
975 1529 1107 1562 Similia
1134 1530 1275 1559 tradunt
1302 1528 1429 1560 Zenob.
1457 1529 1498 1564 V,
1522 1530 1562 1560 40
1589 1529 1641 1560 ed.
1667 1528 1760 1560 Gott.
1790 1529 1805 1559 Ι
1834 1539 1867 1569 p.
1888 1530 1960 1565 1373

168 1588 378 1628 Diogenian.
404 1587 482 1623 VII,
507 1588 544 1619 18
566 1587 583 1618 Ι
604 1597 636 1627 p.
651 1587 722 1618 289.

188 1760 237 1790 21.
282 1758 436 1789 Testium
459 1759 502 1789 de
525 1758 692 1798 Epigenis
715 1758 900 1798 tragoedia
923 1757 1113 1788 communis
1136 1763 1171 1787 et
1194 1757 1356 1796 princeps
1379 1762 1507 1791 auctor,
1534 1756 1670 1787 omissis
1694 1757 1753 1791 eis,
1778 1756 1836 1796 qui
1859 1766 1938 1796 pro-

211 1813 398 1852 pagandae
419 1818 552 1843 tantum
568 1813 612 1842 ad
634 1817 796 1852 posteros
815 1811 929 1842 famae
945 1811 1123 1851 negotium
1147 1811 1351 1845 sustinuere,
1369 1810 1602 1841 Chamaeleon
1627 1816 1680 1841 est
1701 1811 1922 1841 Heracleota.

314 1914 387 1944 Iam
418 1914 446 1945 si
474 1924 691 1954 quaeramus,
722 1914 776 1944 cui
805 1914 945 1944 tandem
969 1923 1014 1943 ex
1036 1912 1264 1943 nobilioribus
1290 1911 1516 1951 scriptoribus
1539 1910 1848 1951 paroemiographi
1871 1911 1964 1940 illam

168 1969 213 2000 de
234 1968 391 2009 Epigene
416 1967 569 1998 fabulam
601 1969 761 2003 debeant,
789 1977 914 1998 nomen
944 1967 1044 1997 nobis
1075 1977 1112 1997 se
1138 1966 1241 1997 offert
1264 1966 1442 2006 scriptoris
1466 1966 1551 1996 satis
1574 1966 1666 2000 clari,
1694 1963 1960 1995 Chamaeleontis

167 2023 395 2060 Heracle—osae,
422 2022 654 2062 Peripatetici,
683 2021 916 2061 Theophrasti
943 2021 1107 2061 aequalis.
1160 2020 1282 2060 Pergit
1310 2020 1414 2060 igitur
1442 2020 1586 2050 Photius
1612 2019 1655 2054 ΙΙ,
1677 2021 1716 2050 35
1745 2025 1826 2059 post
1853 2019 1961 2050 verba

169 2086 274 2116 supra
296 2077 414 2107 allata:
440 2077 564 2115 βέλτιον
591 2077 626 2107 δὲ
649 2076 767 2114 οὕτως·
790 2076 828 2106 τὸ
851 2075 995 2114 πρόσθεν
1018 2075 1064 2114 εἰς
1076 2075 1241 2106 Διόνυσον
1261 2075 1446 2113 γράφοντες
1461 2075 1589 2112 τούτοις
1605 2074 1819 2112 ἠγωνίζοντο.
1835 2099 1840 2104 .
1855 2073 1964 2105 ,ὓστε-

169 2142 227 2169 ρον
251 2132 286 2162 δὲ
302 2156 308 2162 .
324 2157 330 2162 .
349 2156 355 2162 .
372 2131 418 2169 εἰς
442 2131 562 2169 μύθους
584 2131 635 2162 καὶ
657 2131 803 2169 ἱστορίας
826 2130 1022 2169 ἐτράπησαν,
1046 2130 1154 2167 μηκέτι
1177 2131 1234 2160 τοῦ
1259 2131 1335 2160 θεοῦ
1360 2129 1616 2166 μνημονεύοντες
1634 2154 1639 2159 .
1658 2153 1663 2159 .
1681 2154 1686 2159 .
1703 2128 1754 2159 καὶ
1777 2128 1964 2165 Χαμαιλέων

170 2187 205 2217 ἐν
229 2189 274 2226 τῷ
297 2186 368 2224 περὶ
392 2186 553 2223 Θέσπιδος
575 2187 614 2216 τὰ
637 2186 845 2224 παραπλησία
869 2185 999 2223 ἱστορεῖ.
1042 2184 1229 2214 Plurimum
1252 2183 1405 2217 interest,
1431 2189 1466 2213 ut
1490 2189 1584 2213 recte
1608 2192 1695 2212 nunc
1719 2189 1963 2222 cognoscatur,

168 2251 236 2271 non
260 2240 490 2280 posteriorem
515 2246 657 2274 tanturn,
682 2241 743 2270 sed
766 2240 917 2279 priorem
941 2249 1080 2279 quoque
1103 2239 1196 2268 illam
1219 2237 1488 2277 explicationem
1505 2237 1547 2267 de
1562 2237 1727 2276 Epigene,
1752 2236 1810 2276 qui
1832 2237 1962 2276 primus

168 2295 385 2334 tragoediam
411 2294 684 2332 ἀπροσδιόνυσον,
709 2304 729 2323 a
748 2294 888 2324 Baccho
909 2294 1068 2328 solutam,
1092 2292 1336 2331 composuerit,
1362 2302 1406 2323 ex
1426 2291 1702 2322 Chamaeleontis
1726 2292 1769 2320 de
1786 2291 1962 2330 Thespide

168 2349 257 2379 libro
282 2354 453 2388 sumptam
477 2359 563 2379 esse.
589 2348 721 2383 Potest,
747 2348 879 2387 opinor,
903 2349 969 2378 hoc
992 2357 1103 2387 paene
1127 2356 1191 2386 pro
1216 2352 1311 2377 certo
1337 2346 1577 2377 demonstrari.
1609 2344 1735 2376 Suidas
1759 2345 1792 2374 in
1815 2344 1960 2375 articulo

168 2404 290 2441 Θέσπις
313 2403 427 2439 tradit,
452 2402 663 2442 Thespidem
688 2403 731 2433 ab
755 2402 913 2442 Epigene
936 2402 1110 2432 sedecimo
1133 2402 1246 2441 gradu
1269 2401 1437 2440 originem
1458 2400 1607 2431 traxisse
1620 2401 1757 2438 Θέσπις.
1773 2424 1778 2430 .
1793 2425 1798 2430 .
1814 2400 1963 2437 τραγικὸς

169 2457 393 2494 ἑκκαιδέκατος
422 2456 485 2487 ἀπὸ
512 2458 570 2488 τοῦ
592 2457 722 2495 πρώτου
747 2458 1003 2496 τραγῳδιοποιοῦ
1028 2456 1214 2493 Ἐπιγένους
1241 2457 1298 2486 τοῦ
1322 2455 1495 2486 Σικυωνίου
1520 2455 1692 2492 τιθέμενος.
1743 2454 1814 2484 Iam
1845 2453 1962 2483 verisi-
