2287 3116
1223 225 1258 255 10

450 417 476 446 S.
524 415 577 445 De
602 411 844 451 Aristophanis
868 407 1023 449 Byzantii
1048 405 1185 437 Pindari
1210 415 1353 445 operum
1376 404 1587 435 recensione.
1633 403 1769 434 Codicis
1791 401 2031 442 Rhedigerani

667 465 812 495 indicem
836 470 972 494 rectene
997 459 1193 491 Boeckhius
1216 458 1462 498 Aristophanis
1486 458 1629 488 editioni
1651 457 1821 497 adsignet.

501 563 571 592 Iam
589 571 672 591 vero
690 557 935 598 ‘antiquiorem'
955 556 1110 586 ordinem
1133 554 1323 585 recensioni
1347 553 1447 585 alicui
1463 553 1722 584 Pindaricorum
1745 553 1932 584 carminum
1955 550 2138 583 celeberri-

352 628 427 647 mat¹
452 615 627 656 proprium
652 614 765 645 fuisse.
797 613 874 642 inde
898 616 1054 650 apparet.
1080 609 1173 648 quod
1197 608 1251 639 hic
1275 608 1378 638 index
1403 606 1530 637 additis
1552 607 1715 637 librorum
1741 606 1891 637 numeris
1914 605 2095 636 distinctus
2117 614 2138 634 a

352 670 554 710 posterioris
578 669 653 699 aevi
674 665 907 707 grammaticis
931 669 1128 694 constanter
1151 667 1344 701 usurpatur,
1368 660 1425 700 qui
1449 666 1589 700 praeter
1611 660 1799 691 carminum
1821 669 1952 700 genera
1974 668 2137 689 numeros

352 725 454 754 etiam
480 725 641 753 librorum
666 722 852 760 adponant.
895 718 972 748 Fuit
997 723 1110 747 autem
1139 726 1205 746 una
1228 720 1366 755 praeter
1395 720 1530 745 ceteras
1553 715 1657 754 clara,
1689 725 1730 745 ea
1752 724 1857 754 quam
1882 713 2136 753 Aristophanes

350 778 539 809 szantius
562 781 758 807 curaverat:
775 773 845 802 vita
857 772 1012 802 'shomae
1026 769 1196 810 Magistri,
1210 768 1395 799 Westerm.
1410 768 1526 808 Biogr.
1541 779 1574 808 p.
1590 769 1642 799 101
1656 779 1663 797 τ
1684 768 1702 799 ὁ
1725 769 1761 799 δὲ
1784 768 1943 806 ἐπινίκιος.
1957 766 1995 798 οὗ
2010 767 2029 804 ἡ
2046 766 2138 805 ἀρχή,

349 813 482 870 ἄριστον
506 833 560 866 μὲν
583 831 678 867 ὕδωρ.
706 828 915 866 προτέτακται
939 826 990 856 ὑπ’
1014 820 1275 863 Ἀριστοφάνους
1295 825 1353 855 τοῦ
1377 823 1597 860 συντάξαντος
1621 823 1661 854 τὰ
1683 822 1868 860 Πινδαρικά.
1913 821 1954 852 cf.
1975 820 2138 853 Boeckh..

351 885 456 926 prat—f.
482 885 576 914 Pind.
601 883 678 914 Sch.
702 893 733 921 p.
758 881 802 911 X.
835 887 868 911 et
899 879 1044 918 Dionys.
1072 878 1150 908 Hal.
1174 878 1217 908 de
1241 887 1354 917 comp.
1379 878 1474 908 verb.
1497 877 1537 908 22
1559 887 1591 916 p.
1615 877 1654 908 78
1682 876 1884 907 Tauchnitz:
1919 878 2007 907 κῶλα
2036 876 2071 907 δέ
2101 886 2138 913 με

349 941 434 971 δέξαι
458 940 524 969 νυνὶ
547 939 659 974 λέγειν,
687 937 746 974 οὐχ
769 935 820 973 οῖς
844 934 1091 972 Ἀριστοφάνης,
1119 934 1138 971 ἢ
1161 934 1225 963 τῶν
1248 932 1356 963 ἄλλων
1379 942 1425 970 τις
1450 933 1603 970 μετρικῶν
1631 931 1826 969 διεκόσμησε
1857 931 1916 969 τὰς
1939 930 2040 971 ᾡδάς·
2071 929 2139 961 ἀλλ’

349 994 400 1031 οἷς
423 995 440 1030 ἡ
465 993 563 1031 φύσις
586 992 667 1022 ἀξιοῖ
689 991 822 1028 διαιρεῖν
844 989 901 1020 τὸν
924 988 1030 1024 λόγον.
1066 986 1107 1017 cf.
1124 987 1185 1017 Ar.
1202 986 1285 1026 Byz.
1302 985 1341 1016 fr.
1359 987 1410 1016 ed.
1428 986 1551 1017 Nauck
1566 996 1598 1026 p.
1617 987 1666 1017 61.
1701 985 1860 1016 Alterum
1885 994 2025 1025 quoque
2047 985 2140 1023 illud,

352 1048 441 1086 quod
464 1046 576 1085 posuit
595 1044 799 1077 Boeckhius,
824 1041 1025 1082 posterioris
1049 1040 1172 1071 aetatis
1190 1039 1428 1081 grammaticis
1452 1040 1599 1071 indicem
1615 1040 1708 1070 illum
1731 1046 1765 1070 et
1781 1039 2027 1078 recensionem,
2050 1048 2140 1079 quae

349 1102 511 1130 librorum
529 1099 678 1129 numeris
698 1098 862 1127 instructa
878 1102 962 1130 erat,
987 1101 1187 1125 consuetam
1203 1094 1320 1130 fuisse,
1344 1093 1445 1124 facile
1463 1095 1633 1134 exemplis
1652 1093 1779 1124 firmari
1795 1099 1922 1134 potest.
1946 1092 2025 1125 Sch.
2042 1092 2140 1124 Pind.

350 1165 381 1195 p.
404 1155 459 1185 271
487 1154 574 1183 med.
618 1153 797 1190 Πίνδαρος.
812 1152 884 1183 ..ἐν
915 1150 1007 1191 Νάξῳ
1030 1150 1131 1189 φησὶν
1160 1149 1328 1188 εὑρεθῆναι
1344 1150 1486 1187 πρῶτον
1509 1149 1713 1188 διθύραμβον,
1746 1148 1781 1180 ἐν
1804 1149 1839 1179 δὲ
1866 1151 1911 1189 τῷ
1934 1148 2051 1188 πρώτῳ
2077 1148 2140 1178 τῶν

348 1209 561 1246 Διθυράμβων
584 1210 618 1238 ἑν
641 1207 761 1245 Θήβαις
785 1205 992 1241 cf.Boeckh‚
1017 1204 1114 1235 Pind.
1138 1203 1177 1234 fr.
1201 1213 1233 1243 p.
1260 1203 1330 1234 574.
1358 1203 1494 1233 Deinde
1521 1202 1574 1233 Et.
1598 1212 1711 1242 magn.
1735 1212 1767 1242 p.
1789 1203 1861 1238 460,
1884 1201 1924 1232 39
1947 1201 2140 1240 θωράξομαι·

349 1263 597 1300 εὐωχηθήσομαι
621 1262 638 1298 ἢ
663 1260 912 1298 μεθυσθήσομαι.
946 1259 996 1290 καὶ
1019 1258 1184 1296 Πίνδαρος
1206 1257 1422 1296 Διθυράμβων
1446 1257 1572 1298 πρώτῳ,
1595 1256 1637 1288 cf.
1659 1257 1804 1288 Boeckh
1827 1257 1846 1287 l.
1872 1266 1897 1287 S.
1921 1255 1977 1286 De
1999 1255 2142 1286 Parthe-

349 1317 479 1347 niorum
502 1316 589 1346 libro
612 1315 726 1355 priore
749 1313 828 1345 Sch.
852 1313 959 1343 Arist.
982 1311 1069 1343 Ach.
1093 1313 1153 1343 7:20
1186 1312 1356 1351 ἀγοράζειν
1449 1311 1601 1350 ἀττικῶς·
1635 1311 1712 1343 ὅθεν
1734 1311 1785 1342 καὶ
1807 1311 1826 1349 ἡ
1852 1311 1987 1350 Κόριννα
2018 1310 2142 1350 ἐπιτιμᾷ

350 1370 500 1409 Πινδάρῳ
525 1369 709 1400 ἁττικίζοντι
732 1368 793 1405 (ita
816 1367 924 1398 verba
949 1366 1146 1397 emendavit
1171 1364 1320 1403 Geelius,
1344 1365 1433 1396 conf.
1456 1366 1586 1406 Bergk,
1610 1365 1709 1397 Poet.
1731 1365 1811 1406 Lyr.
1833 1365 1872 1400 1⁴.
1895 1365 1978 1403 408).
2002 1365 2070 1397 ἐπεὶ
2093 1364 2144 1396 καὶ

350 1426 384 1456 ἐν
408 1428 451 1464 τῷ
484 1424 600 1463 πρώτῳ
624 1425 687 1454 τῶν
709 1422 900 1461 Παρθενίων
923 1421 1084 1459 ἐχρήσατο
1109 1424 1146 1461 τῇ
1178 1420 1269 1452 λέξει.
1313 1419 1367 1450 Ex
1388 1419 1656 1451 Partheniorum
1687 1419 1776 1450 libro
1801 1419 1914 1455 tertio,
1947 1419 2000 1450 cui
2024 1419 2142 1449 titulus

350 1485 442 1509 erat:
478 1479 516 1509 τὰ
540 1478 760 1516 κεχωρισμένα
783 1478 846 1507 τῶν
868 1475 1068 1514 Παρθενίων,
1092 1475 1205 1506 locum
1228 1473 1329 1505 affert
1352 1474 1467 1506 Schol.
1490 1474 1636 1505 Theocr.
1659 1475 1688 1508 2.
1714 1475 1752 1505 10
1785 1473 1951 1513 Πίνδαρός
1973 1481 2074 1512 φησιν
2108 1474 2144 1505 ἐν

350 1534 417 1571 τοῖς
441 1532 686 1570 κεχωρισμένοις
710 1533 774 1562 τῶν
800 1530 1000 1568 Παρθενίων,
1025 1529 1072 1560 ὅτι
1095 1530 1159 1560 τῶν
1181 1528 1329 1567 ἐραστῶν
1352 1528 1382 1559 οἱ
1407 1529 1464 1566 μὲν
1487 1527 1604 1567 ἄνδρες
1626 1528 1772 1566 εὔχονται
1795 1529 1941 1566 παρεῖναι
1962 1527 2084 1566 Ἥλιον,
2112 1527 2144 1559 αἱ

351 1588 384 1618 δὲ
407 1588 556 1624 γυναῖκες
579 1586 731 1622 Σελήνην,
765 1583 801 1615 cf
829 1583 982 1619 Boeckh,
1007 1583 1103 1614 Pind.
1126 1582 1165 1614 fr.
1190 1592 1220 1622 p.
1243 1583 1304 1613 594
1337 1588 1371 1613 et
1394 1581 1525 1622 Bergk,
1549 1583 1568 1613 1.
1593 1592 1618 1611 s.
1640 1583 1712 1613 408.
1759 1581 1843 1612 Cum
1867 1581 1973 1621 igitur
1997 1581 2143 1621 primum

351 1646 495 1674 constet,
532 1639 775 1679 Aristophanis
799 1638 986 1668 editionem
1016 1637 1101 1668 satis
1124 1636 1230 1667 fuisse
1253 1636 1435 1672 celebrem,
1473 1637 1601 1667 deinde
1625 1642 1893 1667 consentaneum
1924 1636 1968 1666 sit
1990 1636 2143 1669 credere.

350 1695 595 1735 grammaticos
611 1694 689 1724 illos
710 1703 778 1723 non
799 1692 942 1733 ignobili
959 1692 1084 1732 aliquo,
1108 1691 1170 1721 sed
1194 1690 1326 1721 inlustri
1349 1696 1383 1721 et
1399 1691 1496 1721 claro
1520 1689 1712 1731 exemplari
1727 1700 1809 1721 usos
1833 1700 1920 1730 esse,
1945 1690 2143 1721 necessario

353 1749 517 1789 sequitur,
541 1749 721 1788 exemplar
743 1748 836 1781 illud,
864 1747 896 1777 in
920 1757 988 1787 quo
1014 1747 1179 1777 librorum
1201 1745 1334 1776 numeri
1357 1745 1523 1786 adscripti
1547 1752 1655 1786 erant,
1687 1755 1731 1776 ex
1755 1745 2002 1785 Aristophanis
2025 1754 2143 1776 recen-

352 1804 448 1834 sione
472 1803 652 1843 prodiisse.
697 1803 784 1833 Illud
817 1811 956 1842 quoque
979 1800 1178 1831 Boeckhius
1212 1799 1307 1830 Pind.
1332 1799 1373 1831 fr.
1398 1810 1431 1840 p.
1455 1802 1515 1831 555
1537 1806 1625 1832 extr.
1652 1800 1775 1840 tetigit,
1808 1800 1941 1830 cuinam
1966 1810 2010 1830 ex
2042 1799 2145 1830 claris

351 1857 588 1897 grammaticis
607 1857 716 1887 altera
738 1857 804 1889 illa.
829 1855 881 1886 cui
898 1854 1026 1887 Suidae
1048 1855 1153 1885 index
1170 1853 1347 1894 praefixus
1370 1861 1454 1889 erat,
1481 1855 1587 1885 editio
1603 1855 1787 1886 tribuenda
1808 1853 1960 1885 fortasse
1976 1854 2143 1886 videatur.

354 1911 594 1941 Aristarchum
620 1921 696 1941 eum
713 1910 817 1941 fuisse
841 1910 1046 1949 suspicatur,
1073 1909 1131 1949 qui
1155 1909 1185 1939 in
1202 1908 1354 1939 Pindaro
1378 1909 1590 1940 recensendo
1608 1909 1876 1949 haudquaquam
1897 1909 2019 1940 eadem
2040 1914 2144 1948 atque

352 1966 383 1996 in
401 1965 552 1996 Homero
577 1965 783 1995 auctoritate
803 1964 966 1995 floruerit.
996 1963 1201 1995 Leutschius
1229 1963 1261 1993 in
1285 1963 1576 1994 commentatione
1599 1964 1642 1994 de
1667 1963 1815 1994 vitarum
1830 1962 1969 1993 Pindari
1994 1962 2145 1993 fontibus

355 2020 387 2050 in
410 2020 598 2059 Philologo
622 2019 686 2053 XI,
713 2020 748 2050 19
773 2029 848 2049 cum
872 2018 1054 2049 Boeckhio
1079 2018 1126 2048 ita
1150 2018 1330 2055 consentit,
1354 2024 1402 2053 ut,
1425 2019 1518 2058 quod
1540 2023 1644 2058 caput
1666 2024 1718 2049 est
1739 2017 1987 2048 Boeckhianae
2010 2024 2144 2048 senten-

356 2074 432 2107 tiae.
459 2075 502 2104 de
527 2080 718 2113 temporum
744 2073 887 2107 ratione.
912 2083 1002 2112 quae
1028 2073 1117 2103 inter
1140 2072 1218 2103 illos
1239 2072 1369 2104 indices
1392 2073 1594 2109 intercedat,
1618 2073 1708 2103 idem
1730 2072 1866 2105 sentiat.
1889 2082 1966 2102 eum
1990 2072 2047 2112 qui
2063 2082 2146 2112 pau-

356 2129 448 2159 ciora
474 2139 605 2167 ⁴genera
628 2129 744 2161 habet,
770 2128 1003 2161 vetustiorem,
1030 2127 1086 2167 qui
1103 2127 1203 2167 plura
1226 2127 1342 2160 habet.
1366 2127 1592 2158 recentiorem
1610 2136 1697 2157 esse.
1721 2125 1792 2157 Sed
1815 2132 1975 2157 auctores
1998 2125 2146 2157 indicum

356 2181 440 2211 alios
473 2191 550 2211 esse
584 2181 664 2210 volt.
717 2179 952 2211 Vetustiorem
988 2180 1080 2210 illum
1115 2180 1260 2211 indicem
1287 2181 1496 2212 Callimacho
1531 2181 1748 2211 tribuendum
1772 2191 1859 2214 esse.
1896 2179 1990 2211 cuius
2024 2180 2146 2211 studiis

356 2235 654 2275 pinacographicis
690 2234 820 2274 optime
855 2234 1063 2265 conveniant
1094 2234 1139 2264 illi
1173 2234 1336 2265 librorum
1370 2233 1501 2263 numeri
1533 2233 1721 2273 generibus
1755 2232 1940 2264 carminum
1974 2232 2148 2271 adscripti.

358 2289 602 2319 vaentiorom
629 2289 772 2319 indico-m
799 2288 1024 2328 Aristophani
1052 2288 1244 2319 convenire.
