2287 3116
441 397 485 427 19.
530 394 700 425 Timothei
724 391 930 423 “Phinidae''
955 398 989 422 et
1013 391 1208 421 “Laertesn
1254 388 1306 419 Ex
1330 389 1636 428 dithyramborum.
1659 388 1717 428 qui
1739 389 1883 420 heroum

605 447 676 478 fata
699 451 959 486 persequuntur.
982 444 1134 484 reliquiis
1156 443 1238 483 quid
1261 443 1305 473 de
1327 442 1467 473 Pindari
1491 443 1719 474 “carminibus

824 499 1021 530 dramaticis
1044 496 1208 538 tragicis'’
1231 496 1347 537 colligi
1371 496 1492 537 possit.

415 593 492 624 Duo
515 598 696 633 praeterea
725 598 802 622 sunt
825 590 913 621 tituli
944 589 1131 620 carminum
1154 587 1327 619 Timothei
1359 589 1452 628 apud
1474 587 1628 623 Suidam,
1658 587 1827 619 Hn'nidae
1850 595 1885 620 et
1907 588 2055 625 Laertes.

266 659 354 689 quae
382 649 414 678 in
437 647 733 688 dithyramborum
760 654 870 685 genus
897 643 1017 675 referri
1050 653 1155 682 posse
1177 643 1347 678 videntur,
1377 643 1440 674 sed
1461 641 1605 674 fluctuat
1631 642 1793 674 iudicium
1822 643 2055 682 eruditorum;

266 702 491 734 Scheibelius.
516 702 559 731 de
576 701 700 740 dithyr.
717 709 790 739 arg.
813 709 844 738 p.
862 697 950 728 XVI
973 697 1213 737 dithyrambos
1228 696 1334 728 fuisse
1358 697 1560 735 arbitratur;
1584 696 1806 733 Schmidtius‚
1830 697 1929 729 diatr.
1947 708 1978 738 p.
1995 699 2054 730 112

265 756 448 794 διασκευάς.
471 755 514 786 de
537 765 606 794 quo
628 763 758 794 genere
781 751 870 783 conf.
894 751 1160 791 Bernhardyum
1184 751 1272 782 Hist.
1289 751 1352 781 litt.
1369 750 1411 790 11,
1436 752 1452 782 1
1471 751 1591 788 (1867),
1614 761 1648 790 p.
1664 751 1725 783 756
1741 752 1845 787 med.;
1868 752 2054 793 Bergkius,

265 810 369 850 Lyr.⁴
394 820 425 849 p.
442 809 503 840 619
527 816 639 839 utrum
669 807 699 837 ei
722 807 809 837 tituli
834 805 964 840 Nomis,
989 815 1032 836 an
1055 805 1297 845 Dithyrambis
1327 805 1547 836 adscribendi
1571 805 1648 839 sint,
1677 805 1709 836 in
1731 805 1862 837 incerto
1884 805 2055 847 relinquit·

266 863 337 894 Iam
353 864 465 903 igitur,
482 869 518 893 ut
535 872 662 895 eorum.
681 871 770 901 quae
787 859 950 900 exposita
971 865 1058 895 sunt,
1083 859 1234 899 aliquam
1249 868 1338 890 nunc
1361 869 1527 890 summam
1543 859 1762 900 colligamus:
1785 865 1925 900 praeter
1941 861 2055 901 dithy-

266 918 415 949 rambos.
431 926 574 956 quorum
594 920 834 955 argumentum
849 924 894 945 ex
918 914 1024 954 ipsius
1039 913 1168 945 Bacchi
1191 912 1317 944 fabulis
1334 919 1368 944 et
1392 913 1562 954 religione
1577 915 1724 955 petitum
1742 920 1804 951 est,
1828 914 1862 945 in
1877 924 2055 946 sacrorum

266 971 562 1011 Dionysiacorum.
584 980 673 1010 quae
696 970 808 1000 hieme
825 969 1102 1005 celebrabantur,
1126 973 1297 1008 apparatu
1319 968 1413 999 aliud
1436 968 1615 1008 paullatim
1639 979 1751 1010 genus
1773 969 1919 1009 primum
1943 970 1987 1000 ab
2003 968 2056 1001 Si-

265 1025 404 1066 cyoniis.
428 1025 551 1055 deinde
575 1025 618 1055 ab
642 1023 717 1054 aliis
740 1033 876 1064 quoque
901 1022 1134 1054 Doriensibus
1160 1021 1374 1062 frequentari
1399 1028 1562 1063 coeptum
1588 1029 1651 1059 est,
1676 1024 1772 1063 quod
1794 1034 1815 1054 a
1836 1023 1976 1055 Baccho
1999 1033 2054 1055 ca-

264 1081 376 1110 nendo
401 1079 581 1110 discedens
611 1078 643 1108 in
672 1079 815 1109 heroum
842 1084 877 1108 et
904 1077 1125 1108 heroinarum
1147 1075 1229 1107 fatis
1253 1076 1466 1107 exornandis
1489 1076 1580 1107 omni
1603 1077 1716 1107 studio
1739 1078 1954 1109 versabatur.
1999 1077 2055 1108 De

263 1144 305 1164 eo
327 1143 456 1174 genere
480 1139 562 1173 apte
585 1132 650 1163 diei
673 1137 821 1172 poterat,
845 1132 939 1172 quod
963 1131 1114 1172 Sicyone
1138 1131 1285 1172 Epigeni
1308 1131 1568 1172 tragoediarum
1591 1132 1733 1168 auctori,
1763 1142 1840 1163 cum
1863 1132 2055 1163 Adrastum

265 1198 328 1228 pro
350 1187 488 1219 Baccho
512 1187 662 1218 carmine
684 1193 889 1226 prosecutus
912 1191 1016 1222 esset,
1045 1186 1194 1226 populus
1218 1186 1430 1217 acclamasse
1457 1186 1606 1217 traditur
1628 1185 1848 1226 (Apostolius
1870 1186 1903 1217 in
1926 1185 2055 1218 Paroe·

264 1243 385 1283 miogr.
411 1241 470 1273 Gr.
495 1242 572 1272 edd.
595 1241 746 1272 Leutsch
770 1246 804 1271 et
825 1240 928 1272 Schn.
954 1241 1020 1272 vol.
1037 1239 1070 1270 II
1088 1250 1120 1280 p.
1140 1241 1200 1272 585
1223 1240 1279 1271 lin.
1298 1241 1312 1272 l
1339 1245 1373 1271 et
1395 1241 1464 1277 21):
1487 1240 1583 1272 οὐδὲν
1604 1241 1686 1279 πρὸς
1707 1241 1764 1272 τὸν
1780 1241 1954 1272 Διόνυσον.
1983 1240 2055 1272 Re-

267 1296 443 1327 cordanda
466 1306 554 1327 nunc
576 1305 694 1326 rursus
719 1302 806 1330 sunt,
831 1305 920 1335 quae
944 1305 1051 1335 supra
1074 1295 1118 1325 de
1140 1294 1280 1326 Pindari
1304 1304 1448 1335 operum
1472 1295 1607 1326 duobus
1630 1294 1798 1326 indicibus
1821 1295 1979 1326 diximus.
2016 1294 2056 1326 In

265 1351 375 1381 altero
400 1350 695 1390 dithyramborum
719 1351 786 1380 duo
808 1350 885 1380 libri
910 1355 1024 1385 erant3
1046 1349 1079 1380 in
1104 1349 1214 1380 altero
1236 1359 1323 1380 unus
1346 1355 1478 1380 tantum
1501 1349 1598 1384 liber,
1615 1349 1677 1380 sed
1694 1355 1834 1389 praeter
1850 1359 1928 1381 eum
1943 1359 2055 1390 genus

265 1406 436 1445 quoddam
466 1404 661 1438 carminum.
695 1405 839 1443 δράματα
873 1404 1013 1443 τραγικά.
1040 1404 1135 1444 quod
1165 1404 1343 1444 quomodo
1375 1403 1605 1435 definiendum
1638 1408 1740 1439 esset,
1773 1404 1955 1435 obscurum
1982 1403 2054 1436 fuit.

263 1459 333 1489 Iam
351 1459 434 1499 quid
456 1458 592 1498 planius
609 1465 660 1490 est
683 1464 717 1489 et
740 1458 872 1498 clarius,
896 1469 999 1499 quam
1015 1459 1110 1489 illum
1133 1459 1267 1489 titulum
1288 1458 1361 1489 sine
1377 1464 1482 1494 certa,
1499 1458 1552 1489 cui
1569 1459 1791 1498 respondeat,
1810 1468 1857 1494 re,
1881 1464 1916 1489 et
1938 1468 2055 1490 rursus

264 1515 329 1545 hoc
353 1513 538 1544 carminum
555 1524 665 1553 genus
686 1519 782 1544 certo
798 1513 897 1544 titulo
921 1522 1042 1544 carens
1064 1513 1209 1544 invicem
1225 1524 1303 1544 sese
1327 1519 1504 1553 expetere,
1528 1517 1632 1553 atque
1646 1513 1791 1544 alterum
1814 1512 1955 1544 alterius
1977 1523 2055 1544 con-

265 1568 407 1598 sortium
436 1573 470 1598 et
497 1567 691 1608 coniugium
722 1566 890 1607 flagitare.
935 1567 1038 1598 Nulla
1060 1567 1175 1598 hercle
1203 1572 1257 1599 est
1279 1567 1461 1603 dubitatio,
1491 1567 1572 1607 quin
1593 1567 1733 1598 Pindari
1755 1567 1900 1606 δράματα
1922 1567 2056 1606 τραγικὰ

262 1623 411 1653 carmina
434 1622 499 1653 sint
523 1622 715 1663 argumenti
738 1621 877 1657 heroici,
905 1622 937 1652 in
963 1622 1088 1662 quibus
1110 1621 1238 1653 Bacchi
1264 1622 1342 1653 loco
1365 1621 1490 1652 heroes
1512 1621 1710 1662 prodibant,
1733 1620 1791 1661 qui
1809 1621 1915 1652 nobili
1939 1621 2054 1661 aliqua

262 1683 296 1707 et
318 1687 490 1717 generosa
505 1677 606 1716 culpa
628 1677 791 1715 insignes,
815 1686 879 1716 pro
902 1686 1034 1717 genere
1056 1676 1193 1707 humani
1217 1676 1315 1716 quasi
1336 1682 1610 1716 propugnantes,
1633 1675 1793 1707 fortunae
1816 1676 1885 1707 tela
1909 1682 1943 1706 et
1967 1675 2055 1707 ictus

261 1731 430 1770 intrepido
454 1738 596 1770 pectore
620 1730 829 1770 exciperent.

504 1887 553 1916 20,
602 1885 801 1924 Tragoedia
825 1885 1088 1924 ἀπροσδιόνυσος
1109 1885 1165 1916 ubi
1189 1892 1224 1916 et
1248 1895 1315 1925 quo
1338 1892 1481 1917 auctore
1504 1885 1635 1917 initium
1659 1886 1804 1926 ceperit3

803 1949 905 1979 quem
929 1941 1072 1971 heroem
1094 1940 1241 1980 primum
1265 1940 1503 1971 celebraverit.

410 2040 479 2070 Iam
498 2040 692 2079 proximum
715 2046 778 2071 est.
804 2046 840 2070 ut
858 2039 1071 2074 definiamus,
1087 2041 1228 2080 quando
1250 2040 1333 2071 illud
1357 2040 1544 2071 carminum
1567 2051 1688 2081 genus.
1712 2051 1781 2081 quo
1805 2052 1825 2071 a
1847 2041 1963 2072 choris
1986 2048 2053 2072 tra-

260 2094 346 2132 gicis
372 2095 495 2125 heroes
522 2100 554 2124 et
585 2094 748 2125 heroinae
771 2095 994 2129 canebantur,
1024 2095 1208 2134 tragoedia
1231 2095 1298 2133 illa,
1322 2100 1359 2125 ut
1382 2094 1479 2125 brevi
1506 2095 1669 2129 dicamus.
1691 2094 1954 2134 ἀπροσδιόνυσος
1977 2101 2053 2126 orta

263 2149 313 2179 sit.
343 2149 441 2179 Cadit
467 2150 531 2179 hoc
556 2149 696 2188 saepius
718 2149 749 2179 in
773 2148 987 2180 Graecorum
1012 2149 1156 2182 litteras.
1180 2155 1216 2179 ut
1239 2159 1307 2189 quo
1331 2149 1533 2180 obscuriora
1556 2155 1590 2180 et
1607 2160 1627 2179 a
1645 2149 1845 2189 cognitione
1868 2149 2054 2180 remotiora

262 2203 491 2233 institutorum
528 2203 715 2242 primordia
749 2203 825 2237 sint.
862 2209 958 2234 tanto
989 2203 1135 2234 clariore
1164 2202 1356 2233 fabularum
1387 2203 1462 2234 luce
1491 2202 1631 2234 niteant.
1676 2203 1729 2234 Ita
1762 2203 1794 2234 in
1822 2204 1887 2235 hac
1913 2213 2053 2244 quoque¹

261 2256 462 2295 quaestione
490 2257 686 2287 testimonia
719 2256 750 2287 in
783 2257 932 2296 speciem
961 2264 1056 2288 certa
1085 2263 1118 2288 et
1147 2257 1254 2287 nitida
1283 2257 1419 2288 minime
1445 2258 1578 2288 desunt.
1623 2257 1755 2288 Tamen
1786 2258 1839 2289 hic
1866 2257 1940 2298 ipse
1963 2258 2053 2289 nitor

263 2311 386 2341 nubem
415 2311 650 2350 scrupulorum
683 2311 821 2342 excitat.
867 2311 996 2342 Verum
1025 2321 1234 2352 quamquam
1263 2311 1376 2342 fucum
1404 2312 1497 2342 haud
1526 2317 1727 2343 cunctanter
1750 2322 1915 2352 agnosco,
1939 2318 2053 2343 tamen

263 2366 335 2394 vim
362 2365 473 2394 famm-
497 2375 684 2404 eorumqut⁵
708 2375 879 2396 rumorum
905 2366 1031 2396 nullum
1055 2366 1158 2406 plane
1181 2376 1278 2397 usum
1296 2376 1382 2400 esse.
1399 2366 1666 2406 haudquaquam
1684 2367 1926 2397 concesserim.
1950 2366 2053 2398 Valet

264 2419 293 2448 in
319 2419 380 2448 luis
406 2430 543 2458 quoqu*-
569 2430 604 2449 rr·
629 2420 916 2458 sapientissimum
944 2420 1084 2451 Hesiodi
1110 2421 1251 2452 dictum:
1279 2421 1356 2459 ἔργα
1381 2431 1411 2451 v.
1437 2420 1498 2451 76³³
1521 2421 1610 2459 φήμη
1635 2423 1662 2452 δ’
1686 2421 1774 2459 οὔτις
1799 2421 1931 2458 πάμπαν
1956 2420 2053 2452 ἀπόλ·
