2287 3116
1197 227 1214 257 4

320 328 410 357 haud
435 326 693 356 cunctabundus
717 325 908 364 exequitur.
954 324 1066 354 Abest
1089 324 1161 354 eius
1185 323 1357 362 ingenium
1381 323 1593 363 longissume
1617 325 1661 355 ab
1686 325 1889 365 Amphiarai
1912 327 1970 357 illa
1985 328 2104 358 mode-

319 382 393 410 stia.
418 379 651 418 temperantia.
677 378 814 417 pietate.
840 388 928 417 quae
948 388 1014 407 non
1038 378 1108 407 suis
1132 377 1290 410 decretis,
1315 377 1376 407 sed
1393 378 1555 409 continuo
1579 379 1636 409 illo
1659 389 1735 410 cum
1763 380 1837 411 deis
1853 380 2105 412 immortalibus

320 444 381 474 per
405 434 542 463 oracula
556 431 760 462 commercio
785 431 881 463 freta.
906 438 1000 462 recta
1024 441 1043 461 a
1069 431 1163 461 falsis
1185 430 1346 461 discernit
1377 431 1590 472 deorumque
1613 433 1740 473 ubique
1762 440 1864 464 nutus
1887 444 1950 474 pro
1971 445 2105 466 summa

321 489 398 527 lege
417 493 606 516 veneratur.
649 485 824 515 Habemus
842 485 946 523 igitur
968 485 998 514 in
1016 485 1171 514 Adrasto
1195 485 1385 515 luculenter
1404 495 1607 524 expressam
1627 486 1719 517 illam
1736 487 1899 518 virtutem
1916 489 2104 525 heroicam,

320 542 442 580 culpae
460 540 600 569 alicuius
616 539 748 569 macula
764 545 966 573 contactam,
991 548 1093 578 quam
1111 538 1141 568 in
1164 539 1299 578 tragico
1323 539 1430 569 heroe
1445 539 1656 571 Aristoteles
1680 541 1830 581 requirit.
1857 542 1954 572 Poet.
1971 553 2046 583 cap.
2067 545 2103 574 13

316 596 334 626 ὁ
359 596 472 625 υεταξυ
493 594 554 630 ἄρα
578 594 700 623 τούτων
724 593 842 630 λοιπός.
879 593 946 623 ἔστι
969 594 1003 623 δὲ
1027 594 1174 630 τοιοῦτος
1197 592 1214 623 ὁ
1238 592 1314 630 μήτε
1342 592 1439 633 ἀρετῇ
1467 594 1631 632 διαφέρων
1654 596 1704 625 καὶ
1728 596 1926 636 δικαιοσύνῃ,
1951 597 2028 635 μήτε
2051 598 2103 628 διὰ

314 649 423 679 κακίαν
446 649 494 678 καὶ
519 647 691 684 μοχθηρίαν
716 647 920 685 μεταβάλλων
946 647 992 684 εἰς
1015 647 1073 683 τὴν
1092 647 1275 684 δυστυχίαν,
1297 647 1379 677 ἀλλὰ
1402 649 1440 678 δι’
1464 647 1620 686 ἁμαρτίαν
1642 659 1711 680 τινα
1735 651 1798 680 τῶν
1822 652 1857 681 ἐν
1881 651 2002 692 μεγάλῃ
2026 652 2102 692 δόξῃ

317 704 420 733 ὄντων
444 703 492 732 καὶ
516 702 653 740 εὐτυχίᾳ,
676 700 748 731 οἷον
773 701 925 738 Οἰδίπους
949 702 999 731 καὶ
1022 700 1177 738 Θυέστης,

611 880 638 909 2.
684 878 849 908 Dramata
873 878 1011 908 Pindari
1038 878 1170 918 tragica
1192 878 1353 917 (δράματα
1377 879 1522 917 τραγικά)
1546 879 1638 919 apud
1661 879 1803 910 Suidam

808 933 890 972 quid
914 933 997 963 lucis
1021 933 1176 972 epiniciis
1199 933 1414 972 explicandis
1438 932 1606 964 adferant.

463 1031 603 1070 Aliquid
627 1032 731 1071 igitur
754 1032 845 1061 haud
870 1032 972 1062 dubie
1000 1032 1083 1061 lucri
1107 1042 1151 1062 ex
1176 1033 1242 1063 hoc
1271 1033 1421 1062 carmine
1444 1032 1541 1063 Nem.
1565 1032 1629 1064 lx.
1657 1034 1780 1064 litteris
1802 1035 1931 1065 nostris
1960 1036 2102 1067 accedit.

314 1086 490 1117 Vim-mus.
530 1085 713 1115 Pindarum
738 1085 906 1115 interdum
935 1085 1127 1125 adsumptis
1155 1086 1360 1126 tragoediae
1381 1086 1553 1117 thesauris
1580 1087 1728 1127 epinicia
1750 1098 1812 1118 sua
1841 1089 2036 1120 inlustriora
2067 1096 2100 1120 et

312 1139 539 1179 locupletiora
562 1139 761 1169 reddidisse.
805 1139 902 1169 Ilaec
927 1139 1149 1178 epiniciorum
1173 1150 1249 1170 cum
1274 1140 1479 1180 tragoediae
1503 1141 1692 1180 splendidis
1716 1142 1888 1172 coloribus
1915 1143 2101 1183 copulatio.

311 1194 354 1223 de
384 1204 452 1232 qua
479 1194 553 1232 ipsa
584 1194 733 1223 carmina
763 1204 823 1225 nos
848 1195 1003 1227 edocent.
1034 1194 1158 1224 clarior
1181 1194 1283 1224 etiam
1309 1194 1466 1224 redditur
1491 1194 1687 1225 testimonio
1711 1197 1862 1235 quodam
1887 1197 2028 1237 cognitu
2051 1199 2102 1228 di-

311 1248 476 1287 gnissimo
494 1248 537 1278 de
554 1247 691 1277 Pindari
709 1248 893 1277 carminum
909 1249 1097 1288 generibus
1121 1249 1213 1288 apud
1236 1247 1380 1279 Suadam
1405 1254 1555 1280 servato.
1593 1249 1736 1281 Suidam
1761 1256 1875 1281 autem
1899 1251 1932 1281 in
1955 1253 2100 1283 articulo

312 1302 492 1332 Pindarico
516 1302 678 1341 egregios
702 1301 814 1332 fontes
837 1303 938 1333 nobis
959 1303 1154 1343 propinare,
1178 1303 1295 1338 cuivis,
1320 1303 1453 1342 opinor,
1478 1304 1660 1334 constabit.
1705 1304 1739 1335 Is
1767 1305 1873 1345 igitur
1896 1305 1929 1335 in
1957 1315 2100 1346 operum

310 1356 568 1386 I’indaricorum
592 1365 734 1386 recensu
756 1356 875 1386 ultimo
899 1357 977 1387 loco
1001 1357 1135 1387 titulum
1157 1357 1262 1397 ponit,
1287 1357 1343 1396 qui
1367 1357 1537 1388 continuis
1560 1357 1710 1388 virorum
1735 1359 1946 1390 eruditorum
1961 1366 2101 1392 conten-

310 1410 456 1440 tionibus
481 1410 632 1440 famosus
655 1420 766 1450 paene
789 1411 901 1441 factus
925 1418 992 1442 est:
1016 1412 1162 1450 δράματα
1186 1411 1327 1450 τραγικά.
1368 1411 1445 1442 Hac
1468 1421 1536 1442 una
1559 1411 1751 1442 dramatum
1777 1412 1986 1454 tragicorum
2015 1424 2102 1446 voce

309 1471 435 1503 quanta
458 1464 558 1494 nobis
585 1475 672 1495 nunc
696 1465 755 1494 lux
779 1465 952 1495 adfertur!
999 1465 1079 1496 Uno
1107 1467 1222 1497 hercle
1245 1476 1333 1496 nunc
1361 1466 1431 1497 ictu
1454 1466 1616 1506 aperitur,
1645 1466 1816 1498 Pindarus
1846 1469 1936 1499 unde
1963 1474 2101 1510 tragoe-

308 1518 438 1548 diarum
456 1518 489 1547 in
513 1517 667 1557 epiniciis
684 1525 886 1549 ornamenta
903 1520 1098 1559 sumpserit.
1133 1520 1212 1559 Ipse
1229 1519 1508 1552 fecundissimum
1533 1521 1707 1561 ingenium
1725 1522 1769 1552 ad
1793 1523 1951 1554 dramata
1966 1524 2101 1564 tragica

308 1573 493 1611 pangenda
517 1573 707 1611 adpulerat.
753 1572 843 1611 Quid
866 1574 1000 1613 planius
1025 1580 1059 1605 et
1079 1575 1191 1614 magis
1213 1580 1494 1610 consentaneum,
1518 1585 1622 1615 quam
1644 1582 1786 1616 poetam
1810 1578 1878 1607 duo
1900 1588 2042 1618 genera.
2066 1579 2099 1609 in

307 1626 430 1665 quibus
454 1626 635 1659 habitaret.
659 1627 715 1657 ubi
739 1637 795 1657 res
817 1637 962 1667 poscere
984 1628 1168 1668 videretur,
1192 1629 1239 1659 ita
1263 1630 1456 1669 copulasse,
1480 1636 1515 1660 ut
1539 1641 1582 1661 ex
1608 1640 1660 1665 eo,
1684 1632 1776 1670 quod
1801 1632 1980 1662 sublimius
1996 1640 2099 1665 esset.

307 1680 403 1710 alteri
429 1681 521 1720 quod
547 1681 578 1711 in
596 1682 698 1711 rebus
720 1682 1007 1721 splendidissimis
1024 1683 1172 1723 quidem,
1196 1690 1230 1714 at
1247 1684 1403 1714 humanis
1427 1690 1542 1715 tamen
1559 1691 1767 1725 versaretur,
1789 1687 1916 1725 pocula
1935 1688 2099 1718 nonnulla

309 1735 523 1769 adiuiideret‚
560 1736 744 1766 obsecutus
769 1736 866 1775 quasi
889 1737 1036 1767 Achillis
1072 1737 1165 1777 apud
1192 1737 1380 1768 Homerum
1414 1745 1605 1778 praecepto
1639 1740 1682 1769 ad
1712 1739 1910 1771 Patroclum
1938 1741 1974 1772 Il.
1997 1752 2015 1774 ι.
2038 1743 2100 1773 203

307 1789 489 1826 ζωρότερον
513 1790 546 1820 δὲ
576 1790 688 1827 κέραιε.
727 1789 890 1821 Similiter
913 1791 1088 1825 Pindarus.
1120 1802 1327 1832 quamquam
1352 1793 1486 1824 ratione
1509 1794 1692 1829 contraria.
1716 1794 1803 1824 alius
1827 1805 1964 1835 quoque
1988 1796 2099 1827 cuius-

309 1841 385 1869 dam
411 1841 593 1880 lyricorum
611 1843 795 1873 carminum
818 1845 957 1883 generis
975 1844 1058 1876 fines
1080 1853 1113 1876 et
1137 1847 1250 1886 legem
1267 1847 1455 1886 paullulum
1477 1848 1648 1887 migravit.
1689 1848 1983 1888 Hyporchemata.
2008 1860 2098 1890 quae

305 1895 418 1933 prisco
437 1901 590 1934 tempore
615 1897 705 1926 haud
729 1897 832 1929 dubie
849 1899 941 1929 solas
965 1901 1108 1930 deorum
1133 1901 1386 1934 immortalium.
1411 1901 1583 1941 Apollinis
1605 1901 1779 1942 imprimis.
1804 1903 1924 1934 laudes
1941 1905 2098 1935 contine-

306 1950 397 1980 bant.
423 1949 592 1980 Pindarus
616 1960 659 1980 ex
683 1952 881 1983 sublimiore
906 1954 1054 1985 statione
1077 1955 1108 1984 in
1127 1955 1344 1986 humiliorem
1367 1957 1527 1991 deduxit;
1554 1967 1631 1987 nam
1655 1957 1930 1997 hyporchemata
1946 1969 2098 1999 quoque.

305 2003 532 2034 encomiorum
562 2005 692 2037 similia.
727 2016 758 2035 in
785 2008 948 2038 mortales
972 2009 1173 2048 composuit,
1209 2020 1250 2040 ea
1282 2020 1365 2041 sane
1394 2011 1472 2051 lege
1506 2012 1705 2045 observata,
1739 2017 1773 2041 ut
1798 2012 1941 2042 deorum
1977 2013 2098 2044 laudes

305 2057 594 2090 admiscerentur:
619 2070 686 2099 qua
710 2061 752 2091 de
776 2071 812 2092 re
834 2063 963 2101 optime
988 2063 1170 2104 Bergkius,
1196 2064 1292 2094 Poet.
1311 2065 1390 2104 Lyr.
1408 2065 1446 2099 1⁴.
1472 2065 1532 2095 370
1549 2071 1636 2096 extr.
1662 2065 1834 2105 exposuit.
1872 2067 2096 2098 Notissimurn

304 2117 354 2140 cst
379 2111 514 2142 Pindari
544 2113 574 2142 in
603 2113 786 2145 Hieronem
816 2117 1071 2156 hyporcbema:
1103 2119 1218 2150 Schol.
1244 2119 1339 2150 Pind.
1363 2129 1395 2158 p.
1419 2121 1480 2150 :322
1504 2126 1591 2150 extr.
1624 2121 1832 2158 συνέγραψεν
1865 2122 1953 2162 αὐτῷ
1982 2124 2096 2160 προῖκα

304 2165 480 2202 ι’νπόρχημα,
497 2168 536 2197 ου
553 2168 570 2204 ἡ
587 2168 681 2206 ἀρχή·
706 2170 806 2208 Σύνες
821 2171 839 2201 ὅ
857 2181 904 2202 τοι
922 2173 1014 2208 λέγω,
1032 2174 1156 2204 ζαθέων
1170 2174 1266 2212 ἱερῶν
1282 2175 1293 2213 Η
1310 2175 1456 2211 ὁμώνυμε
1474 2175 1582 2212 πάτερ,
1600 2175 1728 2212 κτίστορ
1747 2175 1871 2213 Αἴτνας.

453 2222 523 2251 Sed
550 2229 601 2252 est
626 2224 794 2254 dubitatio
822 2227 1003 2264 quaedam.
1037 2238 1126 2267 quae
1156 2229 1347 2259 sententiae
1371 2229 1416 2259 illi
1440 2234 1580 2258 nostrae
1608 2228 1651 2258 de
1682 2229 1799 2258 mixtis
1834 2239 1909 2260 cum
1935 2230 2096 2270 epinicio-

307 2284 378 2303 runi
405 2281 574 2306 structura
599 2277 804 2308 carminibus
829 2280 1028 2311 dramaticis
1052 2282 1194 2322 tragicis
1217 2283 1331 2313 statim
1357 2283 1388 2313 in
1411 2283 1526 2313 limine
1549 2282 1637 2313 obici
1662 2283 1782 2322 possit.
1828 2284 1960 2314 Nomen
1984 2284 2094 2325 ipsum

304 2329 496 2359 dramatum
522 2337 619 2360 erunt
644 2331 791 2361 fortasse
814 2334 869 2372 qui
895 2335 938 2364 ab
963 2335 1164 2367 histrionum
1189 2344 1223 2367 et
1246 2337 1464 2377 dialogorum
1490 2344 1659 2376 apparatu
1685 2337 1915 2377 inseparabile
1934 2339 2093 2371 iudicent.

306 2381 432 2412 Verum
459 2384 546 2414 c-nim
573 2394 655 2414 vero
680 2395 734 2416 res
758 2387 862 2427 lunge
887 2399 986 2419 secus
1010 2400 1047 2418 se
1071 2391 1185 2421 habet.
1231 2391 1388 2430 Δράματα
1413 2392 1501 2421 enim
1526 2401 1628 2421 sensu
1654 2392 1887 2423 vetustissimo
1911 2393 1994 2433 quid
2018 2400 2094 2424 sunt

303 2436 405 2470 aliud,
429 2448 530 2476 quam
561 2439 735 2469 notissima
761 2442 817 2471 illa
841 2442 871 2472 in
897 2444 1003 2473 sacris
1027 2446 1192 2482 bmuueva?
1218 2446 1307 2476 Rem
1331 2447 1463 2486 optime
1486 2446 1611 2485 probat
1629 2446 1788 2476 Clemens
1801 2447 1904 2478 Alex.
1920 2447 2093 2488 Protrept.
