2287 3116
669 600 986 655 RECTOR
1022 602 1124 655 ET
1163 602 1526 657 SENATVS

387 723 783 762 YNIYERSITATIS
810 724 1140 763 FRIDERICIAE
1168 725 1494 765 GVILELMIAE
1521 725 1804 763 RHENANAE

1009 830 1181 870 lelssvs

1081 931 1116 970 S.

419 1084 444 1114 1.
490 1082 651 1114 Subsidia
673 1085 835 1114 nonnulla
858 1084 1152 1123 interpretationis
1174 1085 1381 1115 Pindaricae
1405 1086 1574 1117 immerito
1599 1094 1769 1126 suspecta.

581 1138 726 1169 Carmen
751 1139 847 1169 Nem.
872 1138 933 1170 IX.
959 1140 1002 1169 de
1026 1139 1132 1179 lyrica
1155 1140 1342 1179 tragoedia
1366 1141 1449 1180 quid
1473 1142 1606 1172 doceat.

346 1226 574 1256 Utilissimum
589 1227 682 1256 haud
705 1227 807 1257 dubie
824 1233 858 1257 et
881 1237 1044 1257 maxume
1059 1228 1292 1258 necessarium
1309 1228 1342 1257 in
1365 1229 1488 1259 litteris
1503 1229 1631 1259 nostris
1655 1236 1707 1258 est
1722 1228 1991 1269 Epicharmeum

195 1282 281 1320 νᾶφε
305 1282 355 1312 καὶ
379 1281 514 1318 μέμνασ’
539 1281 692 1312 ἀπιστεῖν.
731 1280 801 1311 Sed
824 1281 857 1311 in
880 1282 945 1312 hac
969 1291 1107 1321 quoque
1130 1292 1177 1317 re,
1201 1288 1237 1312 ut
1261 1282 1294 1312 in
1320 1283 1411 1313 omni
1432 1283 1512 1318 vita,
1537 1285 1725 1314 curandum
1749 1290 1810 1319 est,
1836 1291 1873 1314 ut
1890 1284 1989 1315 Solo-

195 1335 252 1365 nei
275 1345 412 1375 quoque
438 1335 519 1366 dicti
534 1345 576 1366 ne
600 1336 818 1366 immemores
842 1336 963 1366 simus:
988 1337 1087 1374 μηδὲν
1110 1336 1200 1373 ἄγαν.
1237 1337 1398 1376 Negandi
1421 1337 1479 1367 illa
1503 1344 1536 1368 et
1560 1338 1738 1368 dubitandi
1762 1340 1990 1376 consuetudo,

197 1399 286 1429 quae
309 1400 487 1420 assensum
510 1400 647 1429 semper
670 1391 816 1425 cohibet,
839 1401 929 1430 quae
955 1401 1102 1430 semper,
1124 1401 1168 1421 ne
1191 1392 1362 1422 carbones
1385 1402 1449 1431 pro
1473 1394 1635 1423 thesauro
1660 1393 1723 1424 sibi
1748 1393 1987 1429 obtrudantur,

197 1444 304 1479 timet,
329 1455 431 1475 veros
463 1455 569 1484 saepe
593 1445 776 1475 thesauros
805 1456 823 1475 e
847 1446 1004 1476 manibus
1032 1456 1136 1476 caeca
1159 1446 1294 1477 amittit.
1339 1446 1457 1486 Atque
1488 1448 1574 1478 haec
1597 1448 1725 1478 saeculi
1755 1449 1865 1478 nostri
1888 1449 1991 1479 nimia

196 1498 230 1528 in
252 1497 431 1529 fraudibus
447 1499 633 1530 odorandis
658 1499 770 1530 cautio
793 1499 861 1530 iam
883 1499 1017 1539 pridem
1041 1501 1133 1530 haud
1156 1500 1204 1530 ita
1227 1501 1304 1531 leve
1328 1501 1490 1531 damnum
1506 1501 1697 1532 Pindaricis
1720 1503 1843 1533 litteris
1866 1503 1989 1534 attulit.

196 1552 285 1583 Nam
308 1559 386 1583 sunt
418 1554 559 1593 antiqua
583 1554 754 1593 quaedam
778 1560 811 1584 et
833 1554 1133 1593 praestantissima
1155 1554 1450 1594 interpretationis
1473 1555 1677 1586 Pindaricae
1707 1556 1869 1595 subsidia⁷
1900 1567 1989 1596 quae

197 1607 357 1637 diuturna
384 1608 441 1637 illa
469 1607 621 1647 negandi
650 1608 896 1638 consuetudine
933 1614 966 1638 et
989 1609 1145 1639 adversis
1172 1609 1346 1639 hominum
1380 1610 1574 1640 rumoribus
1599 1610 1632 1640 in
1661 1616 1792 1640 tantam
1825 1611 1988 1641 invidiam

197 1661 347 1692 adducta
381 1668 468 1697 sunt,
501 1668 537 1692 ut
567 1672 668 1693 nemo
702 1663 751 1693 eis
785 1662 832 1692 uti
866 1663 933 1692 iam
966 1663 1101 1697 audeat,
1135 1663 1237 1693 immo
1265 1673 1384 1694 omnes
1407 1669 1573 1703 tanquam
1596 1674 1616 1694 a
1638 1666 1782 1705 scopulo
1813 1665 1892 1696 inde
1916 1676 1989 1696 cur-

197 1725 271 1745 sum
299 1722 466 1746 avertant.
511 1716 609 1747 Haec
643 1717 748 1756 igitur
776 1727 841 1756 pro
864 1717 996 1747 viribus
1025 1718 1118 1747 mala
1140 1716 1233 1747 fama
1260 1718 1410 1748 liberare
1444 1724 1478 1748 et
1507 1719 1539 1748 in
1562 1719 1737 1749 hominum
1761 1719 1928 1754 favorem,
1961 1721 1989 1751 si

196 1769 269 1800 fieri
293 1770 419 1809 possit,
454 1771 636 1801 restituere
669 1771 876 1802 conabimur.
922 1772 1040 1811 Atque
1074 1777 1110 1801 ut
1143 1772 1259 1802 statim
1294 1782 1366 1802 rem
1401 1773 1511 1807 illam,
1546 1773 1642 1803 cuius
1677 1773 1744 1803 iam
1777 1783 1900 1804 nomen
1923 1784 1988 1814 pro

197 1825 288 1854 malo
319 1825 432 1855 omine
463 1825 584 1856 haberi
613 1826 711 1859 solet,
740 1827 906 1856 audacter
933 1827 1090 1865 eloquar:
1124 1825 1249 1866 ζννιίῑιιυ
1279 1826 1475 1867 fragm-diac
1501 1828 1702 1858 memoriam
1734 1828 1928 1859 instaurare
1955 1829 1987 1858 in

195 1878 305 1910 animo
330 1880 396 1910 est!

346 1934 476 1964 Verum
500 1940 537 1964 ut
561 1935 675 1965 omnia
698 1942 791 1966 recte
815 1943 848 1966 et
873 1937 1053 1976 auspicato
1076 1938 1277 1976 procedant.
1309 1938 1425 1977 paullo
1450 1938 1550 1968 altius
1574 1938 1705 1968 initium
1732 1939 1781 1968 rei
1804 1945 1988 1979 repenten-

197 1988 277 2018 dum
301 1994 362 2019 est.
401 1988 537 2019 Pindari
560 1990 723 2020 nonnulla
746 1990 898 2020 carmina
921 1991 1126 2031 tragoediae
1150 1998 1270 2031 aperte
1294 1993 1540 2022 sublimitatem
1563 1993 1703 2032 spirant.
1741 1993 1819 2023 Non
1845 2000 1923 2023 sunt
1946 2003 1988 2023 ea

195 2052 291 2073 mera
316 2043 478 2082 epinicia;
512 2043 692 2078 Pindarus,
722 2044 780 2083 qui
803 2054 878 2074 mos
902 2051 954 2075 est
975 2046 1242 2075 architectorum
1267 2046 1437 2076 interdum
1461 2047 1713 2077 architecturae
1736 2047 1875 2077 ordines
1895 2047 1986 2077 .mis-

195 2097 353 2132 centium,
377 2097 600 2136 epiniciorum
623 2104 816 2128 structurae
831 2100 1011 2138 praeclara
1034 2100 1205 2139 quaedam
1227 2110 1246 2130 e
1267 2110 1398 2140 genere
1415 2100 1548 2140 tragico
1572 2107 1773 2131 ornamenta
1793 2102 1985 2136 admiscuit,

195 2151 382 2187 columnas,
415 2152 595 2187 acroteria,
624 2153 823 2192 zophorum,
853 2163 964 2193 eoque
986 2159 1261 2193 temperamento
1290 2154 1470 2193 egregiam
1492 2155 1782 2194 pulchritudinem
1806 2161 1987 2186 assecutus

196 2212 257 2236 est.
302 2205 341 2235 In
371 2206 520 2236 carmine
542 2206 675 2238 Nemeo
698 2207 762 2238 IX.
783 2207 815 2237 in
841 2207 1036 2239 Chromiurn
1060 2208 1136 2248 quis
1158 2218 1226 2238 non
1258 2218 1377 2239 omnes
1398 2219 1560 2239 numeros
1591 2210 1796 2248 tragoediae
1829 2210 1861 2239 in
1885 2216 1986 2249 parte

195 2259 347 2299 mythica
370 2261 560 2300 agnoscat?
603 2261 725 2291 Prodit
748 2262 931 2300 Adrastus,
964 2264 1066 2293 heros
1088 2263 1388 2302 generosissimus
1422 2263 1579 2293 omnibus
1602 2263 1786 2293 virtutibus
1807 2264 1984 2294 ornatissi-

195 2323 279 2349 muS,
311 2313 461 2353 ingentis
483 2315 565 2345 belli
594 2315 734 2346 consilia
764 2316 876 2346 animo
900 2317 1054 2348 volvens
1100 2316 1171 2348 Sed
1198 2317 1231 2347 in
1254 2317 1311 2347 illa
1335 2317 1497 2348 virtutum
1527 2318 1636 2357 copia,
1670 2324 1706 2348 ut
1730 2324 1808 2348 sunt
1835 2319 1985 2348 humana

195 2368 309 2397 omnia
332 2369 439 2399 errori
461 2375 495 2399 et
516 2370 639 2409 culpae
655 2370 818 2406 obnoxia,
842 2377 1006 2410 tanquam
1029 2371 1061 2401 in
1078 2372 1309 2411 pulcherrimo
1335 2371 1420 2402 flore
1436 2373 1651 2409 vermiculus,
1676 2373 1855 2403 recondita
1881 2383 1986 2412 quae·

193 2423 274 2452 dam
296 2423 398 2462 culpa
430 2424 524 2454 latet.
568 2424 743 2454 Adrastus
775 2435 839 2464 pro
866 2435 1000 2456 summa
1034 2426 1066 2455 in
1089 2426 1194 2456 rebus
1221 2426 1378 2456 humanis
1413 2426 1493 2466 lege
1520 2424 1676 2456 strictum
1701 2425 1756 2456 sus
1787 2426 1886 2465 colit3
1920 2427 1985 2457 hac

195 2485 263 2506 una
285 2476 373 2506 libra
395 2477 509 2507 omnia
532 2478 651 2517 pendit
674 2485 708 2509 et
731 2478 910 2516 aestimat;
934 2490 1024 2519 quae
1048 2490 1092 2510 ex
1116 2480 1218 2510 animi
1243 2481 1411 2511 sententia
1435 2481 1523 2511 iusta
1547 2491 1623 2511 esse
1647 2481 1710 2512 sibi
1733 2482 1914 2521 persuasit,
1943 2492 1984 2512 ea
