2287 3116
1127 202 1166 233 22

261 307 456 340 militudinis
483 315 601 337 omnes
629 313 789 335 numeros
811 303 927 337 habet,
950 300 1122 336 Photium,
1146 298 1300 333 Sumam,
1324 298 1675 339 Paroemiographos,
1697 307 1789 337 quae
1816 297 1860 328 de
1881 296 2040 337 Epigene

257 363 406 394 tradunt.
427 371 471 391 ex
496 360 617 390 eodem
642 358 737 389 fonte
759 357 924 388 hausisse.
951 355 1028 386 Non
1045 363 1133 393 opus
1150 359 1212 387 est.
1233 358 1271 383 ut
1293 352 1383 383 hunc
1404 351 1535 382 fontem
1558 351 1665 391 ipsius
1679 351 1747 382 iam
1761 349 2041 382 Chamaeleontis

257 417 377 447 librum
407 415 520 447 fuisse.
549 420 749 446 statuamus.
783 411 843 441 sed
866 409 1000 449 accepit
1023 408 1079 438 ine
1103 406 1296 447 quicunque
1320 405 1383 436 fuit
1406 404 1485 437 fons
1513 405 1634 445 copias
1655 414 1737 436 suas
1765 403 1879 445 aliqua
1901 410 1996 435 certe
2018 414 2040 434 a

257 470 524 501 chamaeleonte
555 468 620 498 via.
665 466 740 496 Hac
774 464 908 495 ratione
940 463 1092 494 admissa
1123 470 1190 491 non
1218 459 1356 490 nimium
1384 465 1502 490 nostra
1529 458 1699 490 sententia
1725 458 1881 489 discedet
1908 459 1953 488 ab
1977 457 2038 493 eis,

255 533 342 563 quae
366 522 563 553 doctissime
589 521 754 551 Erncslus
777 517 909 558 Kacpkc
938 517 971 547 in
999 515 1150 556 eleganti
1181 515 1224 545 de
1249 513 1518 545 chamaeleonte
1540 513 1750 544 Heracleota
1777 513 1905 547 libello,
1929 511 2037 543 Bero—

253 577 320 609 lini.
338 577 426 609 1856.
449 586 481 615 p.
497 577 536 606 33
558 575 614 605 lin.
633 575 670 605 10
693 572 890 612 disputavit.
924 570 1049 600 Mirum
1072 575 1134 603 est.
1156 568 1266 598 virum
1287 567 1621 607 praestantissimum
1643 566 1842 598 testimonio
1866 566 1924 597 illo
1943 566 2036 606 apud

255 630 395 662 Suidam
419 630 462 660 de
486 629 641 669 Epigene
666 626 848 666 Thespidis
872 634 1006 665 proavo
1029 623 1078 654 uti
1100 622 1238 653 omnino
1263 621 1425 652 noluisse.

385 795 433 826 22.
478 793 697 824 Rectissume
718 789 979 830 Bernhardflam
1001 789 1200 824 coniecisse,
1224 787 1390 829 Epigenis
1412 788 1613 819 memoriam
1637 798 1682 819 ex
1705 790 1908 829 anagrapha

555 851 703 891 quadam
727 859 840 880 rerum
865 848 948 879 artis
971 848 1124 878 musicae
1148 848 1241 888 apud
1265 846 1446 887 Sicyonios
1468 847 1626 877 haustam
1650 857 1736 878 esse.

401 955 557 985 Vidimus
586 955 699 995 igitur.
734 954 860 983 multos
882 953 914 983 in
943 963 985 983 ea
1007 963 1044 983 re
1079 957 1187 982 testes
1215 952 1418 986 consentire,
1452 950 1644 992 Epigenem
1666 950 1865 992 Sicyonium
1891 952 2039 992 primum

251 1020 368 1041 ausum
399 1020 475 1040 esse
498 1008 715 1049 tragoediam
744 1007 1007 1046 ἀπροσδιόνυσον
1034 1005 1195 1036 seribere.
1241 1005 1426 1046 Quaeritur
1452 1005 1530 1041 iam,
1560 1005 1651 1036 unde
1673 1007 1760 1037 haec
1783 1006 1936 1037 narratio
1960 1012 2039 1038 orta

251 1066 302 1096 sit.
327 1074 496 1104 quamque
508 1062 610 1093 fidem
632 1063 770 1093 habeat.
807 1061 895 1091 Nam
913 1060 1216 1092 Chamaeleontem
1236 1069 1313 1091 eam
1335 1059 1474 1090 minime
1488 1058 1641 1095 finxisse,
1665 1069 1742 1090 cum
1765 1060 1880 1091 multis
1896 1061 2037 1097 caussis,

249 1127 318 1149 tum
342 1119 420 1148 inde
443 1118 597 1157 adparet.
622 1117 715 1156 quod
739 1126 814 1147 eam
838 1116 870 1146 in
893 1115 1081 1155 proverbio
1104 1115 1163 1145 illo
1187 1114 1396 1154 explicando
1419 1114 1636 1154 reprobavit;
1671 1124 1777 1154 quare
1799 1114 1935 1146 minime
1960 1125 2037 1146 eam

248 1172 354 1205 finxit.
385 1172 445 1202 sed
469 1171 630 1202 traditam
658 1169 794 1201 invenit.
839 1169 960 1209 Itaque
992 1169 1116 1208 quibus
1139 1168 1339 1199 auctoribus
1367 1169 1454 1199 haec
1478 1167 1570 1198 fama
1592 1168 1732 1203 nitatur,
1763 1168 1791 1198 si
1814 1167 1886 1199 fieri
1914 1169 2035 1209 possit,

247 1226 522 1266 investigandum
557 1231 618 1255 est.
663 1223 851 1263 Proposuit
885 1224 928 1253 de
951 1224 1016 1254 hac
1043 1232 1081 1253 re
1110 1222 1342 1253 coniecturam
1375 1222 1556 1263 egregiam
1588 1221 1802 1263 Godofrcdus
1823 1222 2037 1264 Bernhardy,

247 1281 333 1311 Hist.
358 1281 419 1311 litt.
442 1278 501 1310 Gr.
524 1279 565 1311 11.
590 1279 608 1309 2
631 1279 749 1316 (1872),
777 1278 814 1309 10
836 1278 933 1313 med.y
963 1287 1052 1317 quae
1074 1287 1150 1308 cum
1180 1286 1243 1317 per
1265 1287 1303 1308 se
1326 1277 1392 1307 iam
1415 1276 1661 1307 verisimillima
1689 1277 1742 1311 sit.
1768 1283 1839 1308 tum
1860 1277 1936 1308 aliis
1965 1278 2037 1318 qui-

245 1335 389 1365 busdam
413 1333 625 1373 argumentis
653 1333 701 1363 ita
723 1331 917 1363 confirmari
944 1337 1071 1371 potest⁷
1102 1337 1139 1362 ut
1160 1341 1224 1371 pro
1254 1337 1350 1362 certa
1373 1331 1494 1362 haberi
1516 1331 1634 1371 possit.
1679 1331 1927 1372 Bernhardyus
1955 1331 2036 1373 Epi-

245 1389 343 1429 genis
374 1398 496 1418 nomen
527 1394 560 1418 et
589 1387 790 1417 memoriam
824 1397 869 1417 ex
897 1387 1101 1426 anagrapha
1130 1387 1280 1426 quadam
1308 1386 1472 1426 Sicyonia
1505 1392 1645 1426 sumpta
1679 1392 1806 1418 censet.
1850 1385 2037 1426 Sicyonem

244 1443 389 1483 patriam
423 1442 701 1482 anagrapharum
736 1441 851 1474 fuisse.
886 1447 1005 1471 notum
1040 1446 1103 1472 est.
1147 1441 1266 1481 Atque
1299 1441 1523 1481 anagraphas
1554 1450 1676 1482 regum
1708 1440 1915 1472 clarissimas
1947 1451 2038 1472 nunc

244 1498 427 1528 mittamus.
472 1496 543 1528 Sed
579 1497 671 1536 apud
705 1496 778 1527 eius
812 1496 907 1526 urbis
941 1495 1045 1535 cives,
1080 1494 1268 1526 memoriae
1300 1505 1412 1526 rerum
1449 1495 1709 1526 conservandae
1743 1495 2036 1531 studiosissumos,

243 1552 326 1582 artis
359 1551 509 1582 musicae
537 1560 676 1591 quoque
710 1550 851 1580 annales
879 1549 1016 1590 publice
1049 1550 1326 1580 adservabantur
1354 1554 1388 1579 et
1418 1549 1716 1590 propagabantur,
1750 1549 1783 1579 in
1811 1549 1934 1589 quibus
1965 1555 2037 1580 tam

242 1606 408 1637 victoriae
436 1606 469 1636 in
491 1605 580 1636 ludis
608 1604 754 1645 publicis
776 1604 914 1635 musicis
943 1604 1158 1644 impetratae,
1190 1614 1293 1645 quam
1313 1615 1405 1635 nova
1434 1604 1467 1635 in
1491 1610 1566 1635 arte
1592 1605 1724 1635 musica
1746 1605 1886 1636 inventa
1913 1605 2037 1636 litteris

243 1660 446 1699 consignata
469 1667 576 1690 erant.

393 1713 499 1744 Huius
522 1714 712 1744 litterarum
736 1713 957 1749 monumenti,
981 1713 1125 1753 cognitu
1140 1713 1297 1753 profecto
1321 1713 1535 1753 dignissumi,
1554 1713 1755 1744 memoriam
1768 1713 1955 1744 Plutarcho
1977 1714 2036 1745 de-

242 1771 370 1801 bemus.
395 1768 451 1808 qui
475 1769 544 1798 duo
567 1768 645 1798 inde
674 1768 870 1807 fragmenta
892 1767 994 1798 affert
1017 1778 1061 1798 ex
1084 1767 1280 1798 Heraclidis
1307 1767 1442 1799 Pontici
1463 1768 1507 1799 de
1531 1767 1666 1799 Musica
1689 1777 1796 1808 opere
1819 1768 2034 1808 deprompta.

242 1824 294 1854 Ac
318 1824 410 1863 prius
425 1823 562 1862 quidem
586 1822 816 1862 fragmentum
833 1832 876 1853 ex
900 1822 976 1862 ipso
1000 1823 1226 1862 anagraphae
1241 1821 1427 1862 Sicyoniae
1447 1822 1607 1862 ingressu
1629 1823 1848 1862 desumptum
1864 1827 1927 1855 est,
1951 1831 2036 1862 quo-

240 1878 329 1907 niam
346 1878 377 1907 in
402 1887 444 1907 eo
462 1877 505 1907 de
529 1877 611 1907 artis
627 1877 756 1906 cithara
780 1876 924 1907 canendi
947 1876 1127 1908 inventore
1139 1876 1349 1916 Amphione,
1373 1876 1466 1906 Iovis
1489 1882 1523 1907 et
1538 1875 1715 1916 Antiopae
1735 1875 1815 1914 filio,
1839 1875 2034 1915 exponitur,

240 1931 328 1961 Plut.
353 1932 396 1962 de
419 1941 502 1961 mus.
531 1933 549 1960 3
569 1931 776 1970 Ἡρακλείδης
805 1931 832 1962 δ’
860 1931 896 1963 ἐν
918 1934 956 1972 τῇ
980 1933 1156 1972 Συναγωγῇ
1183 1932 1248 1962 τῶν
1271 1931 1306 1962 ἐν
1329 1931 1477 1971 Μουσικῇ
1580 1931 1638 1968 τὴν
1666 1930 1877 1971 κιθαρῳδικὴν
1906 1930 2036 1968 ποίησιν

239 1986 366 2024 πρῶτόν
394 1993 494 2024 φησιν
522 1986 679 2024 Ἀμφίονα
712 1986 880 2024 ἐπινοῆσαι
904 2012 909 2017 .
931 2011 936 2017 .
958 2011 963 2017 .
987 1988 1156 2017 πιστοῦται
1183 1986 1218 2017 δὲ
1246 1987 1344 2017 τοῦτο
1377 1985 1412 2016 ἐκ
1444 1986 1501 2023 τῆς
1529 1984 1720 2023 ἀναγραφῆς
1751 1985 1809 2023 τῆς
1840 1984 1875 2016 ἐν
1902 1984 2037 2016 Σικυῶνι

240 2040 460 2078 ἀποκειμένης.
506 2040 604 2071 Hanc
633 2041 677 2070 de
702 2039 900 2079 Amphione
933 2041 1017 2071 artis
1042 2039 1297 2071 citharoedicae
1326 2040 1507 2070 inventore
1537 2039 1771 2070 narrationem
1801 2049 1844 2070 ne
1866 2039 1943 2079 quis
1972 2049 2036 2079 pro

241 2094 350 2125 otioso
373 2094 546 2124 hominum
575 2095 804 2125 litteratorum
829 2094 1036 2134 posterioris
1059 2094 1184 2125 aetatis
1208 2095 1284 2124 lusu
1306 2094 1443 2129 habeat,
1476 2094 1683 2124 monendum
1708 2099 1770 2127 est.
1802 2092 2034 2134 Amphionem

241 2155 274 2178 et
290 2148 431 2179 Zethum
444 2149 536 2188 apud
549 2147 733 2188 Sicyonios
753 2158 891 2188 quoque
914 2149 1039 2180 heroes
1061 2149 1194 2189 patrios
1209 2154 1244 2179 et
1260 2148 1468 2180 demesticos
1491 2148 1607 2183 fuisse.
1631 2157 1720 2188 quos
1733 2148 1900 2188 Antiopa,
1911 2148 2036 2188 Asopi.

239 2210 274 2232 ut
291 2203 436 2237 videtur,
460 2203 551 2243 apud
566 2202 748 2243 Sicyonios
773 2202 843 2233 filia
859 2202 975 2242 (Paus.
993 2204 1021 2237 2.
1038 2204 1067 2237 6,
1083 2205 1126 2240 4),
1150 2204 1354 2243 peperisset.
1378 2203 1481 2234 Paus.
1499 2204 1528 2237 2.
1547 2204 1594 2242 10,
1610 2203 1629 2234 4
1653 2203 1688 2235 ἐν
1713 2203 1747 2234 δὲ
1769 2202 1857 2243 αὐτῷ
1881 2202 1914 2240 (i.
1938 2212 1966 2234 e.
1989 2205 2036 2243 τῷ

238 2257 432 2296 Ἀφροδίτης
455 2258 546 2297 ἱερῷ)
576 2259 704 2296 πρῶτον
728 2257 855 2295 ἄγαλμά
880 2258 968 2289 ἐστιν
991 2257 1175 2297 Ἀντιόπης·
1205 2257 1284 2290 εἶναι
1306 2257 1368 2297 γάρ
1391 2257 1421 2289 οἱ
1443 2257 1521 2296 τοὺς
1544 2258 1662 2296 παῖδας
1685 2257 1892 2296 Σικυωνίους,
1921 2257 1972 2288 καὶ
1995 2255 2036 2288 δι’

237 2312 377 2349 ἐκείνους
405 2312 554 2343 ἐθέλουσι
582 2312 632 2342 καὶ
659 2312 760 2349 αὐτὴν
780 2311 953 2350 Ἀντιόπην
976 2313 1152 2351 προσήκειν
1179 2312 1282 2351 σφίσι.
1326 2311 1449 2352 Itaque
1481 2312 1575 2351 quod
1606 2311 1783 2351 Amphion
1817 2310 1965 2342 musices
1986 2310 2035 2341 in·

238 2373 361 2396 ventor
391 2366 594 2406 appellatur.
631 2376 698 2396 non
734 2366 910 2396 enchiridii
947 2367 1137 2397 doctrinam
1166 2366 1266 2407 sapit.
1301 2367 1362 2398 sed
1384 2376 1429 2398 ex
1454 2365 1546 2397 fama
1577 2365 1737 2406 populari
1766 2370 1950 2405 sumptum.
1994 2364 2033 2396 In

238 2420 346 2450 altero
370 2421 460 2460 apud
484 2420 704 2451 Plutarchum
732 2419 928 2460 fragmento
957 2421 1000 2452 de
1017 2421 1147 2452 Clonae
1170 2420 1361 2452 clarissimo
1384 2419 1524 2451 invento
1547 2420 1702 2460 traditur,
1727 2419 1814 2450 Plut.
1832 2420 1876 2451 de
1892 2419 1979 2452 Mus.
1996 2420 2034 2451 8:
