2287 3116
1084 233 1118 262 15

200 333 328 364 Notum
352 338 414 369 est,
449 332 703 372 dithyrambum
728 341 798 361 rem
823 330 1028 361 Bacchicam
1052 335 1086 359 et
1110 329 1287 360 Bacchicis
1315 329 1422 359 sacris
1446 330 1632 369 propriam,
1659 331 1900 361 vetustissimis
1929 331 1995 361 iam

198 387 412 426 temporibus
443 397 461 416 a
484 385 612 417 Bacchi
636 385 715 416 fatis
739 385 901 416 canendis
925 385 969 414 ad
992 384 1135 414 heroum
1160 383 1231 413 fata
1255 382 1449 414 deflexisse.
1486 383 1595 413 Huius
1620 383 1667 413 rei
1692 394 1773 413 usus
1797 394 1873 414 cum
1892 385 1998 415 semel

201 441 371 472 admissus
395 447 502 475 esset,
537 450 619 470 mox
643 439 808 470 latissime
841 438 951 478 patuit
974 443 1007 468 et
1036 438 1125 468 altas
1161 437 1192 466 in
1217 437 1439 476 dithyrambo
1473 437 1607 467 radices
1636 437 1717 476 egit.
1763 437 1849 467 Nam
1884 438 1997 477 prisco

200 502 359 535 tempore
382 505 459 526 cum
484 495 552 524 duo
576 499 691 524 essent
715 493 1014 532 dithyramborum
1037 501 1179 531 genera,
1204 501 1347 521 vernum
1371 501 1483 530 genus
1507 496 1540 521 et
1562 491 1751 525 hibernum,
1778 492 1804 521 is
1829 502 1901 522 mos
1925 492 1999 526 fuit,

199 555 234 580 ut
259 548 468 589 dithyrambi
492 548 525 578 in
548 547 662 578 vernis
674 547 801 577 Bacchi
825 547 931 577 sacris
955 545 1093 584 cantati,
1116 555 1137 575 a
1160 545 1285 576 fabulis
1298 545 1447 576 heroicis
1472 545 1638 575 immunes
1657 552 1843 577 manerent.
1881 545 1997 576 Verna

200 604 289 635 enim
311 614 410 634 sacra
427 602 549 633 hilaria
572 608 666 636 sunt:
691 602 723 631 in
748 601 797 632 eis
813 600 940 631 Bacchi
964 605 1060 630 ortus
1077 605 1110 630 et
1134 600 1304 630 adventus
1325 600 1553 633 celebrantur,
1577 609 1688 639 neque
1711 600 1806 629 locus
1831 606 1882 629 est
1898 600 1998 639 lugu-

200 659 318 689 bribus
342 659 483 688 heroum
507 656 605 691 fatis:
641 657 742 687 Plato
770 661 975 696 argumenta
1004 654 1131 684 indicat
1154 653 1268 692 Legg.
1290 652 1339 682 III
1364 662 1397 692 p.
1421 653 1482 683 700
1516 653 1566 683 καὶ
1589 652 1668 683 ἄλλο
1693 652 1807 690 (εἶδος)
1832 653 1997 683 Διονύσου

199 713 335 750 γένεσις,
359 711 452 750 οἶμαι,
478 712 672 750 διθύραμβος
696 711 881 749 λεγόμενος,
906 708 994 740 conf.
1014 707 1241 738 Menandrum
1266 708 1309 736 de
1326 706 1499 737 Encomiis
1524 707 1540 737 7
1563 706 1594 736 in
1613 706 1718 737 Rhet.
1735 706 1794 737 Gr.
1819 707 1872 736 ed.
1887 706 1996 746 Spen-

195 765 256 804 gel
279 764 337 797 ΙΙΙ,
364 765 435 799 340,
463 765 508 795 14.

349 818 478 848 Contra
502 819 534 848 in
558 818 708 849 hibernis
731 818 859 848 Bacchi
884 818 991 849 sacris
1015 817 1069 848 dei
1093 817 1164 848 fata
1188 818 1350 857 lugubria
1374 824 1408 848 et
1432 818 1612 857 passiones
1636 817 1910 848 celebrabantur.
1959 816 1996 846 In

201 883 320 903 eorum
344 883 520 904 sacrorum
545 872 701 903 cantibus
725 878 863 903 vetusto
887 878 1045 912 tempore
1069 873 1210 903 heroum
1234 872 1359 902 fabulis
1383 873 1477 902 locus
1501 882 1686 902 concessus
1714 877 1776 906 est,
1801 881 1889 910 quae
1913 881 1997 910 poe-

201 933 311 958 tarum
345 927 464 957 favore
494 927 620 957 eximie
649 927 809 958 excultae
843 933 931 958 sunt.
976 927 1031 957 De
1067 928 1133 957 hoc
1157 936 1340 957 vernorum
1377 932 1409 956 et
1441 926 1662 956 hibernorum
1698 925 1996 965 dithyramborum

203 981 398 1011 discrimine
422 980 508 1011 conf.
533 981 662 1020 optime
687 981 903 1020 disputantes
927 979 1143 1010 ,llanrz'csmn
1167 979 1327 1014 Schmz'df,
1351 979 1513 1010 Diatriba
1536 979 1567 1009 in
1590 980 1855 1019 dithyrambum,
1882 979 1998 1009 Berol.

204 1036 292 1069 1845,
318 1045 350 1075 p.
366 1037 441 1070 2ll;
465 1034 669 1064 Dt'ssvm'um
694 1036 738 1064 ad
760 1035 858 1066 Pind.
883 1045 916 1075 p.
940 1036 1010 1066 621.
1034 1036 1111 1069 625;
1142 1033 1390 1064 ll'sszschclimn
1415 1034 1447 1064 in
1472 1034 1592 1074 Pauly,
1617 1034 1890 1073 Realencyclop.
1915 1044 1941 1064 s.
1965 1043 1997 1064 v.

201 1089 400 1128 Tragoedia
423 1099 454 1128 p.
479 1089 570 1119 2041.
616 1088 681 1119 Hic
711 1099 785 1119 mos
819 1099 921 1128 quam
945 1090 1014 1119 late
1038 1095 1187 1129 vagatus
1216 1089 1268 1123 sit,
1304 1089 1511 1118 documento
1546 1093 1598 1118 est
1626 1088 1720 1118 locus
1743 1087 1918 1117 Plutarchi
1955 1087 1998 1118 de

199 1141 402 1172 -1'‹·mn·ral1's
418 1141 522 1172 Locri
540 1143 754 1174 carminibus,
779 1143 830 1173 Ea
846 1143 997 1173 carmina
1014 1145 1057 1173 ab
1084 1143 1226 1173 eruditis
1242 1142 1413 1172 nonnullis
1436 1152 1503 1172 non
1521 1151 1681 1181 paeanes,
1706 1142 1767 1172 sed
1785 1141 1997 1181 dithyrambi

202 1197 417 1227 vocabantur
432 1203 578 1237 propter
601 1198 749 1237 amplam
773 1197 989 1228 heroicarum
1014 1196 1217 1232 fabularum,
1241 1207 1327 1236 quas
1344 1202 1450 1236 poeta
1473 1196 1702 1231 inmiscuerat,
1729 1196 1873 1236 copiam.
1906 1196 1996 1227 Plut.

200 1252 243 1281 de
261 1261 344 1282 mus.
363 1253 398 1281 10
422 1253 494 1290 περὶ
513 1253 547 1283 δὲ
560 1252 755 1290 Ξενοκρίτου
837 1252 1090 1290 ἀμφισβητεῖται,
1116 1251 1141 1282 εἰ
1164 1251 1317 1282 Παιάνων
1340 1250 1475 1288 ποιητὴς
1498 1250 1640 1287 γέγονεν.
1669 1250 1814 1287 ἡρωικῶν
1836 1250 1897 1287 γὰρ
1921 1249 1998 1280 ὑπο-

201 1308 326 1337 Θεσεων
349 1306 520 1344 πράγματα
542 1306 619 1345 (pro
642 1306 709 1336 hoc
727 1306 899 1336 vocabulo
917 1306 1158 1336 Volkmannus
1178 1315 1210 1345 p.
1223 1306 1264 1335 94
1287 1305 1432 1343 δράματα
1456 1304 1595 1342 conicit)
1619 1305 1766 1342 ἐχουσῶν
1790 1304 1925 1342 ποιητὴν
1948 1313 1998 1340 γε-

199 1360 331 1396 γονέναι
354 1361 455 1398 φασὶν
479 1360 588 1391 αὐτόν.
624 1361 674 1392 διὸ
696 1361 747 1391 καί
770 1371 859 1398 τινας
882 1360 1111 1399 Διθυράμβους
1135 1361 1244 1390 καλεῖν
1267 1359 1367 1390 αὐτοῦ
1391 1359 1449 1397 τὰς
1473 1358 1652 1396 ὑποθέσεις.

330 1530 376 1559 14.
422 1527 644 1568 Dithyrambi
668 1526 800 1557 hiberni
823 1526 965 1557 heroica
990 1532 1195 1566 argumenta
1218 1527 1403 1556 adsumunt
1426 1526 1498 1556 sine
1522 1525 1718 1556 necessaria
1741 1525 1868 1556 Bacchi

415 1587 597 1618 mentione.
640 1586 865 1616 Luculentum
890 1585 962 1616 eius
986 1585 1034 1616 rei
1058 1585 1256 1624 exemplum
1281 1583 1468 1616 Simonidis
1492 1589 1544 1615 est
1568 1583 1784 1615 “Memnon’'.

349 1688 447 1718 Nunc
479 1688 596 1727 paullo
621 1686 813 1717 accuratius
847 1686 1020 1716 luculenta
1041 1685 1212 1724 quaedam
1238 1684 1338 1714 huius
1366 1684 1504 1724 generis
1528 1684 1838 1723 dithyramborum,
1873 1683 1999 1723 quibus

200 1744 344 1774 heroum
379 1742 451 1772 fata
475 1748 716 1782 argumentum
746 1741 951 1780 praebuere,
987 1739 1147 1778 exempla
1180 1738 1424 1778 perlustranda
1456 1743 1489 1768 et
1526 1737 1757 1768 examinanda
1789 1743 1877 1768 sunt.
1924 1737 1999 1768 Cla-

201 1798 355 1828 rissimus
379 1802 431 1827 est
453 1794 645 1826 Simonidis
669 1795 909 1835 dithyrambus
932 1794 1103 1823 Memnon.
1139 1793 1220 1823 Eius
1242 1792 1443 1823 memoriam
1467 1792 1618 1822 servavit
1642 1791 1770 1823 Strabo
1787 1792 1866 1826 XV,
1888 1802 1918 1831 p.
1938 1792 1998 1823 728

201 1853 271 1883 init.
294 1854 436 1890 ταφῆναι
460 1852 494 1882 δὲ
517 1851 642 1887 λέγεται
658 1850 798 1887 Μέμνων
821 1849 892 1887 περὶ
908 1849 1039 1879 Πάλτον
1063 1849 1120 1886 τῆς
1143 1848 1262 1885 Συρίας
1286 1847 1373 1885 παρὰ
1396 1847 1535 1877 Βάλαιον
1559 1847 1677 1884 (Βαδᾶν
1701 1847 1812 1880 codd..
1838 1847 1998 1877 emenda-

200 1907 250 1936 vit
274 1905 565 1939 Schneidewinus,
590 1904 796 1943 Philologus
816 1903 841 1942 Ι,
858 1904 911 1941 41)
934 1902 1090 1941 ποταμόν,
1115 1902 1159 1939 ὡς
1183 1901 1286 1939 εἴρηκε
1301 1902 1479 1939 Σιμωνίδης
1503 1901 1537 1932 ἐν
1559 1901 1702 1937 Μέμνονι
1726 1900 1918 1941 διθυράμβῳ.
1943 1900 1998 1931 De

203 1960 308 1991 fluvio
331 1960 462 1990 Belaeo
491 1959 563 1989 sive
584 1958 715 1988 Balaeo
743 1957 784 1988 cf.
807 1957 955 1996 Ioseph„
987 1957 1030 1986 de
1061 1957 1154 1986 bello
1178 1955 1318 1986 Iudaico
1343 1957 1371 1989 2,
1398 1956 1443 1992 10,
1469 1956 1486 1985 2
1511 1955 1529 1986 ὁ
1559 1955 1759 1992 καλούμενος
1783 1955 1920 1992 Βήλαιος
1943 1965 1999 1986 πο-

203 2016 306 2054 ταμὸς
330 2016 468 2052 παραρεῑ
488 2013 693 2045 παντάπασιν
715 2012 833 2050 ὀλίγος,
857 2011 930 2050 παρ’
957 2012 982 2051 ᾧ
1005 2011 1042 2042 τὸ
1066 2011 1237 2048 Μέμνονος
1257 2012 1410 2048 μνημεῖον
1433 2010 1530 2040 ἔστιν,
1569 2008 1808 2048 [Aristoteles]
1833 2009 1864 2038 in
1889 2009 1998 2048 Peplo

204 2069 314 2110 epigr.
338 2070 377 2100 55
402 2069 454 2099 ed.
477 2067 598 2107 Bergk
621 2067 700 2107 Lyr.
725 2077 757 2106 p.
778 2067 839 2098 353
869 2067 1009 2104 Μέμνων
1032 2065 1177 2096 Τιθωνοῦ
1200 2075 1233 2096 τε
1257 2065 1307 2095 καὶ
1331 2064 1426 2102 Ἠοῦς
1450 2064 1564 2095 ἐνθάδε
1585 2065 1688 2101 κεῖμαι
1711 2062 1722 2103 ΙΙ
1747 2064 1782 2094 ἑν
1805 2063 1912 2103 Συρίῃ,
1940 2064 1998 2101 Βή-

204 2126 263 2155 λου
286 2134 351 2162 παρ
374 2124 520 2160 ποταμοῦ
544 2123 708 2160 προχοαῖς.
746 2121 934 2151 Mauricius
958 2119 1125 2154 Schmidt,
1149 2119 1207 2158 qui
1230 2119 1264 2148 in
1288 2118 1478 2148 “diatriba''
1501 2117 1666 2157 peculiari
1690 2117 1803 2156 capite
1826 2128 1857 2157 p.
1873 2118 1928 2148 131
1956 2118 1999 2148 de

207 2177 394 2209 Simonidis
414 2176 599 2207 Memnone
622 2176 702 2215 egit,
725 2176 758 2205 in
783 2185 823 2205 ea
848 2174 1020 2205 sententia
1045 2179 1106 2208 est,
1130 2183 1197 2203 non
1221 2172 1393 2212 quaslibet
1415 2172 1551 2202 fabulas
1573 2171 1732 2202 heroicas
1754 2171 1786 2201 in
1810 2171 1998 2211 dithyram-

200 2233 267 2262 bos
289 2231 459 2261 admissas
483 2241 569 2265 esse,
595 2231 655 2260 sed
682 2240 742 2260 eas
765 2230 1016 2265 tantummodo,
1049 2228 1175 2267 quibus
1203 2237 1279 2258 cum
1304 2227 1432 2257 Bacchi
1456 2225 1580 2256 fabulis
1605 2226 1826 2256 necessitudo
1853 2226 1997 2256 interce-

205 2287 304 2316 deret
328 2291 361 2315 et
384 2286 417 2315 in
440 2285 564 2324 quibus
587 2285 714 2315 Bacchi
737 2285 813 2314 laus
837 2290 871 2314 et
898 2284 1022 2324 gloria,
1048 2283 1196 2322 denique
1219 2282 1396 2321 potentiae
1421 2281 1493 2311 eius
1518 2281 1760 2311 documentum
1787 2280 1927 2319 aliquod
1950 2280 1999 2310 in-

204 2346 306 2371 esset.
352 2340 478 2370 Censet
505 2339 610 2379 igitur
638 2339 691 2369 vir
718 2338 1048 2378 praestantissimus,
1084 2337 1223 2367 fabulae
1251 2336 1284 2366 in
1307 2336 1491 2366 Memnone
1520 2336 1609 2366 hanc
1637 2334 1784 2365 formam
1812 2334 1927 2367 fuisse.
1963 2340 2000 2364 ut

204 2393 363 2424 Bacchus
394 2392 542 2423 fatorum
570 2392 753 2423 infelicium
776 2392 951 2423 Memnoni
981 2397 1101 2422 auctor
1130 2390 1241 2421 fuerit.
1285 2390 1369 2420 Eius
1397 2389 1446 2420 rei
1470 2389 1619 2429 vestigia
1642 2390 1734 2428 apud
1757 2388 1914 2419 Servium
1938 2387 1998 2417 ad-

202 2448 342 2487 gnoscit
365 2448 409 2477 ad
430 2447 575 2478 Aeneid.
591 2449 617 2481 l.
631 2448 692 2478 489
718 2446 893 2481 Tithonus,
907 2445 1031 2486 frafcr
1042 2443 1290 2479 Laomcdmlft's,
1314 2446 1433 2484 rapfns
1454 2443 1492 2473 al)
1516 2444 1655 2473 Aurora
1669 2441 1791 2484 filium
1814 2452 1913 2472 suum
1926 2442 1999 2472 Mc-
