2287 3116
1106 203 1144 234 37

234 289 281 322 De
305 301 444 332 operum.
479 304 562 333 qnae
585 294 645 325 sibi
671 296 816 335 proponit
842 295 965 327 cultura
992 296 1152 335 teehnica,
1185 296 1419 328 constructione
1453 300 1483 329 et
1519 296 1730 328 calculatione
1753 299 1829 336 aget
1862 294 1912 328 bis
1935 305 1965 336 p.
1990 294 2019 326 h.

334 346 440 378 idem

235 401 399 432 Elementa
424 401 625 434 mechanices
649 407 679 434 ct
704 403 909 443 hydraulia-es
937 404 984 436 bis
1006 415 1034 446 p.
1058 404 1086 436 h.
1109 404 1215 437 tradet
1239 404 1353 437 idem.

232 454 488 487 Architecturam
514 457 558 488 rei
583 457 720 489 rusticae
744 458 981 490 accomodatam
1004 459 1053 490 bis
1078 469 1107 499 p.
1132 458 1161 490 l1.
1183 459 1310 491 docebit
1335 459 1570 498 HVPPERTZ,
1594 458 1794 492 architectus.

234 508 489 541 Architecturam
512 511 628 542 vialem
652 517 681 542 et
706 511 892 543 fluviatilem
916 517 964 544 ter
986 513 1162 553 explicabit
1185 513 1293 545 idem.

233 563 341 594 Artem
363 563 549 596 delineandi
574 565 792 597 moderabitur
815 566 926 598 idem.

234 616 450 649 Geometriam
475 619 648 659 practicam
672 624 718 650 ter
742 625 879 660 exponet
906 620 1028 659 KOLL,
1055 621 1215 661 magister.

234 671 342 702 Artem
364 672 517 703 metiendi
540 676 570 704 et
594 674 800 713 computandi
825 675 983 715 triangula
1006 675 1196 715 geodaetica
1219 679 1332 715 quater
1354 675 1505 707 tractabit
1528 674 1638 707 idem.

234 725 489 757 Exercitationes
513 726 553 757 ad
577 727 655 758 artis
678 727 886 767 geodaeticae
912 733 1083 770 praecepta
1099 728 1284 761 delineandi
1307 732 1339 760 et
1355 729 1495 761 rationes
1518 729 1722 770 computandi
1739 729 1882 761 instituet
1900 729 1908 760 i
1925 728 2018 761 dem.

234 779 450 811 Geometriam
474 781 667 821 analyticam
692 786 721 813 et
747 782 902 821 Analysin
926 782 1097 822 quinquies
1121 792 1151 822 p.
1174 782 1204 813 h.
1228 787 1368 823 exponet
1391 782 1636 820 VELTMANN,
1661 784 1822 823 magister.

233 833 493 866 Mathematicam
515 835 738 867 elementarem
764 835 811 866 bis
835 835 939 867 tradet
965 835 1078 868 idem.

235 888 450 920 Geometriam
474 888 702 929 descriptivam
726 895 755 921 et
780 895 879 921 artem
905 890 1064 921 rationum
1087 894 1201 930 quater
1225 900 1255 931 p.
1280 890 1311 921 h.
1336 891 1465 923 docebit
1488 891 1602 923 idem.

235 942 462 975 Oeconomiam
493 943 656 983 politicam
681 944 748 975 sire
772 943 966 975 nationalem
992 948 1039 975 ter
1063 944 1240 984 explicabit
1262 944 1397 976 NASSE
1420 945 1485 984 Dr.,
1508 945 1586 986 prof.
1610 950 1640 978 et
1657 946 1753 986 Regis
1776 945 1817 977 ab
1843 945 1963 977 intimis
1987 945 2020 976 in

334 997 610 1029 administratione
631 998 784 1029 consiliis.

236 1051 289 1083 Ius
312 1051 473 1091 agrarium
507 1055 554 1082 ter
585 1056 722 1091 exponet
748 1050 1069 1083 KLOSTERMANN
1094 1052 1158 1088 Dr..
1194 1052 1273 1093 prot'.
1307 1057 1337 1084 et
1361 1052 1457 1094 Regis
1491 1053 1532 1085 ab
1566 1054 1687 1085 intimis
1722 1054 1754 1085 in
1788 1063 1821 1086 re
1856 1053 2020 1086 metallica

334 1105 490 1137 consiliis.

235 1159 378 1190 Piscium
401 1169 510 1190 euram
533 1160 630 1191 semel
654 1159 803 1191 tractabit
826 1167 932 1191 LIBER
955 1167 1047 1191 BARO
1072 1167 1119 1191 DE
1140 1160 1194 1191 LA
1218 1160 1416 1193 VALETTE
1441 1161 1503 1193 ST.
1527 1161 1700 1194 GEORGE
1725 1163 1777 1194 Dr.
1801 1166 1832 1194 et
1855 1162 1937 1202 prof.

234 1214 437 1245 Anatomiam
460 1219 491 1246 et
515 1213 752 1254 physiologiam
776 1213 962 1245 animalium
986 1213 1231 1246 domesticorum
1255 1214 1303 1247 bis
1328 1216 1491 1248 enarrabit
1513 1215 1684 1255 SCHELL,
1709 1216 1930 1248 veterinarius.

237 1268 285 1300 De
308 1277 341 1299 re
364 1268 496 1308 equaria
520 1272 549 1299 et
572 1268 611 1299 de
633 1271 699 1299 arte
724 1267 882 1299 calciandi
906 1267 1153 1308 obstetriciaque
1178 1268 1227 1300 bis
1250 1274 1324 1309 aget
1349 1269 1460 1302 idem.
