2287 3116
1065 247 1101 277 13

180 347 413 384 ἑνθρονισμοὺς
447 347 489 376 ab
516 346 752 386 Aristophane
784 356 860 376 cum
895 345 1083 384 προσοδίοις
1115 344 1315 375 coniunctos
1348 350 1481 379 censet:
1510 345 1684 384 Bergkius
1708 356 1739 384 p.
1764 346 1819 376 :³71
1855 347 1980 385 partim

183 400 387 435 Partheniis,
419 401 544 440 partim
569 400 889 440 Hyporchematum
918 399 1014 429 libris
1037 399 1158 429 aliisve
1183 398 1320 429 additos
1353 398 1558 437 suspicatur.
1603 398 1686 429 Mihi
1709 401 1921 438 ἑνθρονισμοί,
1949 400 1981 430 in

181 454 306 494 quibus
322 455 415 485 haud
438 454 541 485 dubie
564 464 670 494 saepe
685 454 854 493 virginum
875 454 970 485 chori
996 454 1194 487 cantabant,
1221 463 1265 484 ex
1290 459 1389 493 parte
1407 453 1611 487 Partheniis,
1637 454 1739 484 tertio
1756 454 1981 493 potissumum

184 509 281 543 libro,
309 510 353 539 ab
377 509 614 549 Aristophane
640 508 764 539 adiecti
788 509 957 541 videntur,
989 519 1033 539 ex
1057 514 1156 547 parte
1180 508 1370 547 paeanibus
1394 508 1448 537 vel
1479 508 1625 547 hymnis.
1671 509 1789 539 Σκολιὰ
1821 508 1852 538 in
1885 515 1981 539 vetu-

181 564 290 595 stiore
304 563 433 595 Suidae
452 563 563 593 indice
576 563 831 602 Aristophanes
849 573 893 593 ex
911 568 1011 602 parte
1032 572 1108 593 cum
1124 562 1298 592 Encomiis
1321 561 1557 595 coniunxerat,
1581 572 1657 592 cum
1681 563 1838 599 ἑγκωμίου
1859 573 1938 595 vox.
1963 574 1982 593 a

185 620 290 657 κῶμος
315 617 486 648 vocabulo
512 618 624 651 ducta,
653 617 767 656 prisco
792 627 894 648 sensu
918 616 1113 647 convivalia
1137 616 1289 646 carmina
1312 615 1532 656 significaret.
1579 616 1812 647 Chamaeleon
1843 627 1926 647 sane
1950 617 1982 647 in

183 672 272 703 libro
295 673 338 703 de
352 671 512 706 Pindaro,
536 673 628 712 ἐντῷ
651 673 723 710 περὶ
737 672 910 710 Πινδάρου,
935 671 1129 702 encomium
1153 670 1292 701 ascolio
1315 670 1483 705 distinxit,
1499 670 1626 701 Athen.
1642 672 1689 703 123,
1704 671 1773 705 57:³1,
1789 671 1814 700 1³
1840 672 1982 710 ἔγραψεν

182 726 230 765 εἰς
253 727 352 758 αὐτὸν
376 727 532 764 ἐγκώμιον
547 752 552 757 .
567 753 571 757 .
586 753 600 759 ..
625 727 763 765 ὕστερον
789 728 823 758 δὲ
844 728 895 758 καὶ
918 726 1059 758 σκολιόν.
1095 724 1166 756 Sed
1188 726 1255 756 hoc
1275 725 1353 755 loco
1379 725 1569 755 encomium
1593 725 1823 765 apertissume
1844 735 1982 756 carmen

185 779 368 820 epinicium
393 779 504 815 (Pind.
530 779 582 811 Ol.
597 780 695 811 XIII.
719 780 752 810 in
765 780 1053 820 Xenophontem)
1078 778 1260 820 significat,
1285 779 1448 819 quoniam
1467 779 1649 818 epinicium
1674 789 1813 819 quoque
1838 780 1873 811 ἐν
1887 780 1982 819 κώμῳ

182 835 324 866 canitur.
354 834 541 875 Reliquam
565 835 751 866 scoliorum
769 842 913 875 partem,
939 853 976 857 —
1000 845 1079 866 nam
1104 834 1219 864 omnia
1242 844 1284 864 ne
1299 843 1374 864 cum
1399 834 1563 864 encomiis
1587 834 1769 864 coniuncta
1788 834 1981 869 credamus,

184 895 280 920 vetat
304 889 391 920 liber
413 890 645 920 encomiorum
671 890 854 930 singularis
877 895 1020 922 tantum.
1045 900 1109 920 nec
1129 888 1322 928 duplicatus
1345 906 1394 923 —,
1420 899 1496 919 cum
1519 889 1829 928 hyporchematum
1851 898 1982 928 genere

183 945 228 974 ab
243 944 480 984 Aristophane
497 944 712 974 coniunctam
729 944 945 979 crediderim,
969 944 1130 984 quoniam
1146 944 1457 983 hyporchematum
1481 943 1702 973 severitatem
1718 942 1889 973 Pindarus
1906 943 1981 982 ipse

184 998 372 1038 paullulum
406 998 630 1029 emolliverat.
687 999 825 1037 Βακχικὰ
859 999 952 1038 apud
986 997 1138 1032 Suidam,
1173 1008 1262 1037 quae
1297 997 1389 1036 apud
1422 996 1696 1036 Aristophanem
1729 996 1979 1032 desiderantur,

185 1053 384 1084 Boeckhius
407 1062 439 1092 p.
464 1053 524 1083 556
549 1053 733 1092 Ἰοβάκχους
758 1063 834 1084 esse
858 1053 1051 1093 suspicatur
1075 1059 1109 1083 et
1131 1053 1174 1082 ab
1189 1051 1426 1091 Aristophane
1450 1051 1483 1080 in
1507 1052 1654 1082 alterum
1669 1051 1982 1091 Dithyramborum

185 1108 310 1138 librum
334 1113 485 1146 recepta.
530 1107 705 1146 Bergkius
727 1117 760 1147 p.
784 1107 843 1138 371
868 1117 992 1138 nomen
1015 1107 1098 1137 illud
1122 1106 1214 1146 apud
1235 1105 1378 1137 Suidam
1401 1101 1575 1144 Ἰοβακχικὰ
1599 1105 1705 1137 fuisse
1729 1106 1852 1136 conicit
1878 1111 1982 1145 atque

185 1163 219 1192 id
241 1172 352 1202 genus
375 1171 441 1191 non
467 1161 705 1201 dithyrambisv
727 1162 789 1192 sed
807 1162 1054 1192 Prosodiorum
1077 1161 1163 1191 libro
1189 1161 1299 1190 altero
1322 1161 1609 1200 comprehensum
1633 1161 1715 1190 volt.
1771 1159 1843 1191 Sed
1865 1160 1897 1190 in
1919 1161 1985 1190 hac

183 1216 317 1256 Bergki
340 1216 509 1247 sententia
533 1216 763 1256 repugnantia
785 1217 957 1256 quaedam
980 1216 1078 1246 inest.
1124 1215 1212 1245 Nam
1232 1214 1388 1254 Ἰόβακχοι
1415 1215 1591 1245 cantiones
1615 1220 1692 1244 sunt
1720 1214 1896 1244 hominum
1916 1213 1985 1244 iam

185 1271 373 1301 admodum
393 1271 603 1300 madentium
627 1276 660 1301 et
676 1271 979 1310 perstrepentium,
999 1271 1053 1300 vel
1071 1270 1189 1299 talium
1215 1270 1337 1299 saltem
1354 1278 1524 1309 personas
1549 1268 1801 1301 sustinentium;
1829 1268 1983 1301 Procius,

186 1324 319 1355 Chrest.
342 1334 374 1364 p.
399 1325 460 1355 246
483 1324 644 1365 XVestph.
673 1326 768 1365 ᾔδετο
797 1327 832 1357 δὲ
855 1326 873 1357 ὁ
897 1325 1058 1363 Ἰόβακχος
1086 1325 1121 1355 ἐν
1144 1323 1272 1362 ἑορταῖς
1302 1324 1352 1354 καὶ
1379 1324 1506 1361 θυσίαις
1528 1323 1706 1357 Διονύσου,
1731 1323 1985 1361 βεβαπτισμένος

185 1381 297 1420 πολλῷ
321 1379 513 1418 φρυάγματι.
558 1379 656 1410 Haec
680 1380 867 1415 Prosofflis,
898 1386 934 1409 ut
960 1389 1083 1409 nomen
1106 1378 1218 1417 ipsum
1242 1377 1402 1412 ostendit,
1428 1387 1496 1407 non
1521 1377 1737 1408 conveniunt.
1783 1376 1866 1406 Mihi
1890 1376 1984 1415 Ἰόβα-

186 1444 256 1472 κχοι
279 1433 416 1463 omnino
441 1442 461 1462 a
483 1433 625 1463 Pindari
648 1434 748 1473 poesi
771 1433 871 1464 alieni
897 1433 1064 1463 videntur.
1111 1432 1248 1470 Βακχικά
1279 1442 1367 1471 quae
1391 1438 1469 1462 sunt
1492 1432 1586 1471 apud
1611 1431 1752 1462 Suidam
1775 1431 1927 1462 carmina
1952 1431 1983 1461 in

185 1486 322 1526 pompis
344 1486 523 1517 Bacchicis
546 1492 682 1517 cantata
708 1486 878 1521 videntur,
909 1487 1020 1526 qualis
1048 1486 1107 1516 illa
1133 1490 1195 1521 est,
1221 1496 1324 1526 quam
1347 1485 1539 1516 Pausanias
1562 1486 1590 1520 2,
1616 1485 1642 1525 7,
1667 1487 1685 1516 5
1723 1484 1872 1525 Sicyone
1903 1495 1986 1525 quo-

184 1541 299 1570 tannis
325 1540 383 1581 agi
410 1541 534 1571 tradit:
564 1543 664 1572 ταῦτα
687 1541 740 1580 (τὰ
765 1540 947 1580 ἀγάλματα)
976 1544 1029 1581 μιᾷ
1056 1540 1123 1572 καθ’
1153 1541 1292 1572 ἕκαστον
1323 1539 1396 1577 ἔτος
1424 1539 1512 1570 νυκτὶ
1540 1539 1574 1576 ἐς
1603 1538 1640 1569 τὸ
1662 1538 1841 1569 Διονύσιον
1870 1538 1905 1568 ἐκ
1927 1539 1984 1568 τοῦ

187 1595 388 1633 καλουμένου
419 1595 640 1633 Κοσμητηρίου
667 1596 860 1633 κομίζουσιν.
909 1595 1009 1625 Talia
1043 1604 1125 1625 vero
1154 1594 1306 1625 carmina
1335 1593 1523 1623 admodum
1553 1592 1739 1622 verisimile
1768 1597 1820 1623 est
1847 1591 1984 1622 Aristo-

186 1650 337 1689 phanem
359 1649 610 1680 Prosodiorum
631 1649 720 1679 libro
744 1650 854 1680 altero
878 1649 1086 1680 attribuisse.

393 1827 441 1857 1-2.
486 1824 741 1866 Symmetriam,
765 1837 855 1866 quae
878 1827 966 1856 inter
990 1827 1112 1856 ambos
1135 1826 1266 1856 indices
1289 1824 1491 1857 intercedat,
1517 1823 1690 1863 spondere
1713 1832 1777 1861 pro

485 1881 662 1920 utriusque
682 1881 891 1920 integritate.
927 1880 1068 1911 Suidam
1092 1886 1231 1910 servato
1257 1880 1452 1909 dramatum
1475 1877 1687 1918 tragicorum

700 1935 799 1965 titulo
825 1935 956 1975 optime
979 1936 1023 1965 de
1046 1935 1169 1965 litteris
1193 1934 1368 1964 meruisse.

337 2031 521 2061 Postremo
546 2031 613 2061 iam
636 2031 822 2070 quaeritur,
851 2050 883 2053 —
910 2032 1000 2062 unde
1024 2037 1150 2062 exorta
1170 2036 1223 2061 est
1246 2036 1280 2061 et
1303 2040 1372 2069 quo
1390 2039 1478 2060 nunc
1501 2029 1590 2060 redit
1613 2028 1772 2068 quaestio
1791 2034 1910 2058 nostra
1935 2045 1985 2061 —,

186 2087 334 2126 δράματα
355 2086 488 2124 τραγικὰ
521 2086 614 2125 apud
637 2084 779 2116 Suidam
803 2086 936 2117 cuinam
963 2085 1085 2126 generi
1115 2085 1310 2116 attribuerit
1333 2084 1600 2123 Aristophanes.
1630 2082 1828 2113 Boeckhius
1859 2082 1892 2112 in
1923 2083 1984 2122 hy-

187 2141 449 2181 porchematum
472 2140 560 2170 libro
585 2140 694 2170 altero
719 2150 761 2171 ea
784 2141 893 2172 latere
916 2141 1090 2181 opinatur3
1118 2139 1292 2179 Bergkius
1316 2139 1426 2169 altero
1450 2137 1751 2177 dithyramborum
1773 2136 1861 2167 libro
1892 2146 1984 2167 corn-

187 2195 356 2235 prehendi
382 2200 509 2225 censet.
555 2195 611 2225 De
633 2195 698 2225 hac
733 2205 769 2226 re
793 2202 829 2225 ut
860 2196 987 2226 certius
1019 2195 1180 2225 iudicium
1207 2193 1281 2224 fieri
1304 2193 1427 2232 possit,
1460 2192 1528 2222 iam
1556 2197 1648 2221 retro
1681 2191 1770 2222 oculi
1794 2191 1984 2231 paullisper

188 2249 346 2280 vertendi
378 2254 456 2279 sunt
480 2254 514 2279 et
535 2249 797 2285 recordandum,
832 2250 923 2280 unde
953 2250 1053 2280 alteri
1076 2249 1124 2279 illi
1154 2254 1187 2279 et
1211 2248 1332 2278 tertius
1362 2247 1467 2277 etiam
1489 2245 1576 2284 libri,
1611 2246 1669 2285 qui
1692 2246 1725 2275 in
1749 2246 1985 2286 compluribus

186 2304 308 2335 indicis
330 2303 578 2343 Aristophanei
610 2304 716 2334 titulis
739 2310 950 2344 comparent,
985 2304 1050 2335 orti
1074 2304 1148 2334 sint.
1193 2301 1438 2342 Aristophanis
1467 2300 1647 2340 negotium
1671 2300 1772 2331 facile
1802 2310 1870 2330 uno
1906 2309 1985 2331 con-

187 2364 311 2398 spectu
343 2358 589 2397 comprehendi
621 2358 759 2398 poterit.
805 2358 1060 2398 Aristophanes
1092 2368 1168 2389 curn
1193 2357 1362 2388 vetustior
1390 2356 1496 2386 index
1527 2355 1678 2395 quinque
1710 2355 1818 2385 titulis
1853 2355 1986 2385 auctior

186 2418 290 2446 esset,
315 2412 361 2442 ad
383 2413 448 2442 hos
471 2412 689 2451 recipiendos
711 2413 861 2453 quinque
883 2413 990 2443 libros
1014 2412 1146 2443 addidit
1168 2412 1221 2442 his
1243 2410 1393 2441 numeris
1417 2410 1591 2449 signatos:
1617 2409 1920 2449 dithyramborum
1941 2409 1984 2441 H.

187 2466 432 2505 prosodiorum
454 2466 496 2501 II,
530 2466 793 2506 partheniorum
816 2466 849 2496 II
876 2472 909 2497 et
932 2466 992 2501 III,
1027 2467 1346 2507 hyporchematum
1370 2464 1412 2494 II.
1457 2463 1661 2497 Tstulorum,
1695 2462 1752 2502 qui
1781 2469 1859 2493 sunt
1893 2463 1988 2502 apud
