2287 3116
1069 217 1086 247 7

185 314 248 344 Illa
268 324 406 354 quoque
429 314 632 346 testimonia.
657 313 790 353 quibus,
816 313 1109 352 quemadmodum
1134 324 1154 344 a
1178 314 1305 344 Bacchi
1329 321 1440 345 morte
1464 317 1508 345 ad
1531 316 1674 346 heroum
1698 317 1769 347 fata
1793 318 1979 348 carminum

185 369 396 408 tragicorum
413 374 653 408 argumentum
670 367 865 398 traductum
882 367 935 400 sit.
956 367 1112 399 traditur,
1136 368 1388 399 consideranda
1404 379 1491 400 nunc
1507 370 1696 409 paullulum
1715 377 1800 402 sunt.
1836 372 1980 402 Photius

185 423 204 454 l.
223 433 249 453 s,
265 432 296 462 p.
311 423 349 453 35
373 423 410 453 τὸ
426 422 569 461 πρόσθεν
593 421 638 460 εἰς
654 422 711 453 τὸν
726 422 893 452 Διόνυσον
916 421 1100 460 γράφοντες
1124 422 1251 460 τούτοις
1267 423 1471 460 ἠγωνίζοντο,
1495 423 1576 461 ἅπερ
1600 424 1650 454 καὶ
1663 425 1820 462 Σατυρικὰ
1837 426 1979 462 ἐλέγετο

184 475 323 514 ὕστερον
351 477 385 507 δὲ
409 475 604 514 μεταβάντες
628 474 674 513 εἰς
701 475 882 515 τραγῳδίας
904 475 1042 513 γράφειν
1067 476 1147 506 κατὰ
1175 477 1285 514 μικρὸν
1313 476 1358 514 εἰς
1388 477 1508 515 μύθους
1533 477 1582 508 καὶ
1606 478 1751 516 ἱστορίας
1782 479 1978 517 ἐτράπησαν.

185 529 322 560 Deinde
339 529 510 559 Zenobius
534 529 566 558 in
590 528 918 568 Paroemiographis
941 527 1064 560 Graec.
1089 530 1166 560 edd.
1191 530 1341 561 Leutsch
1369 536 1403 560 et
1429 530 1642 562 Schneidew.
1668 532 1775 565 ι·01.Ι,
1798 533 1863 566 127,
1883 533 1979 565 Cent.

188 583 230 620 V,
248 584 287 614 40
311 585 376 614 τῶν
392 585 499 621 χορῶν
522 584 553 614 ἐξ
571 583 671 622 ἀρχῆς
695 583 882 621 εἰθισμένων
895 608 901 614 .
915 608 920 613 .
934 608 940 614 .
953 583 1042 623 ᾄδειν
1066 584 1110 623 εἰς
1134 585 1190 616 τὸν
1208 585 1384 623 Διόνυσον,
1408 585 1437 617 οἱ
1453 586 1581 623 ποιηταὶ
1603 586 1741 624 ὕστερον
1758 587 1907 626 ἐκβάντες
1923 589 1980 625 τὴν

185 638 359 675 συνήθειαν
382 637 501 675 ταύτην
524 637 660 675 Αἴαντας
683 637 733 668 καὶ
758 637 961 676 Κενταύρους
984 638 1121 677 γράφειν
1144 639 1340 678 ἐπεχείρουν.

358 772 385 801 5.
431 770 576 810 Lyricae
600 772 805 811 tragoediae
829 772 945 812 imago
969 772 1064 802 initio
1088 772 1187 802 huius
1211 773 1336 803 saeculi
1361 784 1381 802 a
1405 773 1584 804 Boeckhio
1608 774 1803 805 introducta

583 825 696 856 Eridis
719 836 857 866 pomum
882 826 919 856 fit
943 827 1086 857 duarum
1110 827 1142 857 in
1164 827 1355 867 philologia
1378 828 1582 858 scholarum.

335 917 400 948 His
424 918 530 957 igitur
553 917 789 957 similibusque
805 917 1010 948 testimoniis
1033 916 1141 947 fretus
1165 917 1294 957 lyricae
1313 918 1516 957 tragoediae
1539 919 1724 959 imaginem
1747 920 1893 960 primum
1916 921 1980 951 sub

184 972 316 1002 initium
349 972 478 1002 saeculi
512 972 622 1002 nostri
656 972 861 1002 instauravit
897 970 1101 1006 Bocckllz'ns,
1134 972 1488 1013 Staatshaushaltung
1521 974 1582 1004 der
1616 973 1775 1004 Athener
1807 975 1980 1013 (editionis

183 1026 319 1066 prioris,
350 1025 444 1065 1817)
467 1025 584 1063 II‚663
607 1030 641 1055 et
665 1025 765 1065 Corp.
787 1026 890 1057 Inscr.
916 1025 974 1056 Gr.
999 1025 1023 1058 Ι,
1045 1026 1104 1056 764
1129 1031 1163 1056 et
1186 1025 1228 1061 ΙΙ,
1248 1027 1318 1057 509.
1363 1026 1446 1057 Eius
1475 1028 1680 1058 sententiam
1704 1034 1917 1059 exornarunt
1947 1034 1980 1059 et

184 1078 456 1111 exaedificarunt
479 1080 542 1109 viri
572 1080 707 1120 egregii
738 1079 935 1115 lli-lckcrus,
959 1080 1098 1111 Nachtr.
1127 1090 1186 1110 zur
1210 1080 1374 1120 Aeschyl.
1399 1081 1479 1113 Tril.
1504 1081 1668 1112 Frankof.
1701 1084 1780 1113 1826
1803 1093 1836 1123 p.
1860 1084 1922 1114 244
1946 1090 1980 1114 et

186 1134 242 1164 die
265 1133 398 1165 Griech.
421 1133 643 1174 Tragoedien
665 1134 724 1170 ΙΙΙ,
750 1135 846 1169 1293ς
872 1135 908 1166 O.
933 1134 1092 1166 *lluellcn
1116 1134 1276 1165 Doriens.
1296 1134 1356 1169 112,
1381 1136 1460 1172 3603
1483 1134 1770 1172 Schneedcwsmcs,
1795 1136 1980 1168 Simonidis

183 1187 308 1228 fragm.
333 1198 366 1228 p.
390 1189 429 1218 52
452 1188 508 1219 lin.
532 1188 550 1218 7
574 1189 618 1218 ab
641 1188 716 1223 inf.;
745 1188 957 1229 H'arllmgus
980 1189 1013 1218 in
1036 1189 1222 1228 Philologo
1246 1188 1270 1223 Ι,
1294 1190 1364 1220 404.
1394 1189 1608 1220 Videbamur
1639 1190 1744 1230 igitur
1773 1192 1892 1232 ἑρμαίῳ
1921 1192 1979 1222 illo

183 1242 410 1273 Boeckhiano
434 1252 525 1272 nova
547 1243 697 1281 quadam
721 1243 1020 1282 pulcherrimaque
1042 1242 1220 1273 Musarum
1244 1242 1455 1274 Graecarum
1480 1243 1586 1274 filiola
1608 1245 1699 1275 aucti
1723 1256 1809 1281 esse,
1839 1252 1980 1286 tragoe—

185 1297 242 1326 dia
265 1296 383 1336 lyrica.
407 1297 662 1336 multorumque
686 1297 753 1326 iam
779 1296 900 1327 studiis
924 1297 996 1327 eius
1020 1297 1130 1327 cultus
1154 1297 1453 1337 frequentabatur:
1478 1308 1554 1329 cum
1577 1299 1692 1330 subito
1716 1302 1819 1330 turbo
1839 1300 1979 1340 quidam

184 1357 327 1382 exortus
351 1356 413 1387 est,
443 1361 545 1390 quem
570 1357 734 1390 tanquam
762 1351 884 1391 aliquis
909 1351 1064 1391 Iuppiter
1091 1357 1215 1381 tonans
1243 1357 1277 1382 et
1301 1351 1479 1391 fulgurans
1506 1352 1721 1393 Godasrcdus
1744 1354 1976 1388 Hcrmannus,

184 1406 280 1436 cuius
302 1405 365 1435 viri
395 1415 519 1435 nomen
549 1415 723 1445 nunquam
752 1406 824 1436 sine
854 1416 986 1436 summa
1019 1406 1216 1436 reverentia
1243 1407 1509 1446 nuncupandum
1534 1413 1595 1442 est,
1629 1408 1662 1438 in
1690 1410 1980 1440 commentatione

185 1460 446 1500 elegantissima
470 1460 513 1490 de
529 1460 712 1499 tragoedia
735 1460 986 1499 comoediaque
1008 1460 1126 1500 lyrica,
1150 1460 1244 1490 edita
1266 1461 1414 1500 primum
1435 1472 1525 1492 anno
1543 1463 1633 1498 1836,
1656 1473 1745 1493 nunc
1761 1463 1887 1503 Opusc.
1904 1464 1980 1501 VH,

184 1515 255 1549 211,
280 1514 455 1553 excitavit,
479 1524 547 1554 quo
571 1514 706 1544 turbine
730 1521 877 1545 venusta
900 1515 958 1544 illa
974 1514 1218 1554 Melpomenae
1240 1513 1320 1551 filia,
1345 1525 1434 1554 quae
1457 1516 1561 1546 modo
1585 1517 1748 1547 mundum
1765 1518 1893 1553 timide,
1918 1519 1980 1549 sed

182 1569 299 1600 hercle
315 1568 495 1599 Boeckhio
519 1575 677 1608 patrono⁷
702 1570 922 1606 salutaverat,
948 1570 1061 1600 subito
1085 1569 1239 1601 disiectav
1264 1578 1396 1608 sparsa.
1419 1569 1594 1599 hominum
1615 1570 1846 1602 litteratorum
1871 1573 1980 1603 oculis

185 1628 306 1662 erepta
322 1628 392 1652 est:
419 1621 534 1652 “flavit
552 1628 585 1652 et
602 1622 771 1662 dissipata
788 1622 871 1652 est.''
908 1622 1043 1653 Etenim
1068 1624 1242 1654 inventum
1268 1624 1352 1653 illud
1376 1624 1419 1654 de
1442 1624 1549 1664 lyrica
1562 1623 1774 1656 Graecorum
1796 1627 1980 1667 tragoedia

188 1677 274 1707 duas
288 1676 415 1707 saeculi
428 1676 536 1706 nostri
552 1676 810 1716 philologorum
827 1677 964 1707 scholas
976 1677 1200 1708 vehementer
1211 1678 1376 1709 exercuit.
1409 1679 1447 1708 In
1462 1679 1527 1709 hac
1543 1680 1746 1719 quaestione
1758 1681 1821 1711 viri
1835 1681 1979 1722 egregii,

185 1741 330 1771 quorum
354 1731 493 1761 nomina
517 1730 631 1761 sidera
654 1731 788 1767 feriunt,
813 1732 905 1761 vires
928 1732 1073 1762 invicem
1097 1732 1281 1772 periclitati
1303 1739 1390 1764 sunt.
1429 1733 1539 1764 Huius
1562 1735 1821 1766 controversiae
1844 1736 1979 1767 radices

182 1785 323 1815 intimae
346 1785 440 1815 haud
457 1785 560 1816 dubie
577 1784 841 1825 proficiscuntur
864 1796 908 1816 ex
932 1786 1060 1826 ingenii
1077 1786 1216 1816 humani
1241 1787 1378 1817 omnino
1404 1787 1530 1827 duplici
1553 1789 1704 1827 quadam
1728 1789 1852 1828 indole,
1877 1800 1980 1830 quam

184 1839 473 1879 philosophorum
497 1839 611 1869 adhuc
629 1849 730 1869 nemo
746 1840 884 1878 penitus
903 1840 1110 1879 exploravit.
1134 1840 1221 1872 Sunt
1237 1851 1361 1871 revera
1378 1842 1468 1872 duae
1485 1842 1661 1872 hominum
1676 1842 1844 1874 familiae:
1869 1845 1980 1875 altera

186 1903 316 1927 eorum,
346 1893 403 1932 qui
426 1893 599 1924 lubentius
631 1893 798 1927 dubitant,
825 1904 928 1934 quam
955 1896 1116 1931 credunt;
1150 1896 1260 1926 altera
1283 1906 1401 1926 eorum
1422 1896 1479 1935 qui
1502 1897 1646 1927 credunt
1668 1898 1852 1933 lubentius,
1876 1909 1979 1938 quarn

184 1948 352 1978 dubitant.
398 1947 469 1979 Sed
493 1948 527 1977 in
550 1948 617 1978 hoc
641 1948 828 1979 certamine
853 1949 976 1979 victrix
1003 1948 1066 1979 fuit
1088 1950 1279 1980 Hermanni
1303 1956 1336 1980 et
1359 1950 1525 1981 Lobeckii
1557 1961 1688 1987 caussa,
1721 1952 1889 1991 siquidem
1913 1954 1979 1984 hoc

183 2003 323 2033 vincere
348 2009 399 2033 est
423 2003 648 2042 plurimorum
672 2002 883 2034 eruditorum
907 2004 1082 2044 suffragiis
1102 2004 1277 2034 consulem
1300 2004 1410 2034 creari
1434 2010 1468 2035 et
1485 2006 1599 2035 omnia
1616 2011 1744 2045 puncta
1760 2006 1858 2037 ferre.
1890 2007 1979 2038 Nam

182 2066 272 2086 nunc
301 2056 439 2086 omnino
472 2061 531 2086 aut
561 2055 721 2090 fallimur.
755 2062 813 2086 aut
844 2067 886 2087 ea
919 2063 971 2087 est
995 2057 1173 2096 popularis
1196 2067 1278 2095 vox,
1303 2064 1339 2088 ut
1362 2058 1419 2098 qui
1443 2059 1586 2098 lyricam
1609 2060 1830 2099 tragoediam
1855 2071 1918 2100 pro
1942 2071 1978 2092 re

183 2109 274 2140 seria
298 2111 437 2145 habeat,
463 2110 649 2140 cachinnos
672 2116 813 2141 moveat
837 2117 871 2141 et
888 2112 1010 2150 Κρόνος
1035 2112 1158 2151 aliquis
1182 2113 1237 2142 vel
1250 2112 1394 2151 Τιθωνὸς
1415 2113 1577 2152 ὀψιμαθὴς
1601 2114 1826 2154 existimetur,
1850 2116 1979 2155 quippe

183 2164 241 2203 qui
265 2174 337 2194 rem
361 2164 621 2195 Hermanniano
646 2170 681 2195 et
703 2164 928 2195 Lobeckiano
953 2166 1110 2196 acumine
1134 2167 1262 2196 dudum
1285 2167 1508 2207 profligatam
1533 2174 1567 2198 et
1592 2169 1772 2207 explosam
1803 2176 1978 2210 recoquat.

187 2217 258 2250 Sed
281 2218 312 2248 in
335 2218 494 2249 universa
517 2219 582 2248 hae
606 2219 810 2258 quaestione
834 2220 878 2249 de
901 2220 1030 2260 lyricae
1054 2221 1259 2261 tragoediae
1282 2227 1341 2251 aut
1357 2221 1488 2261 optimo
1505 2221 1538 2251 in
1554 2221 1745 2252 litterarum
1763 2223 1903 2254 civitate
1919 2230 1977 2255 aut

183 2273 276 2303 nullo
300 2273 381 2307 iure,
416 2272 604 2313 principem
635 2283 773 2313 semper
800 2274 912 2304 locum
935 2274 1107 2306 obtinebit
1129 2274 1258 2306 Suidae
1281 2275 1363 2306 illud
1385 2276 1428 2306 de
1451 2276 1591 2306 Pindari
1615 2276 1821 2307 carminibus
1844 2278 1978 2308 drama-

182 2326 257 2357 ticis
280 2326 422 2366 tragicis
446 2327 688 2358 testimonium.
733 2328 815 2358 Eius
839 2329 1081 2359 auctoritatem
1104 2330 1234 2370 lyricae
1257 2331 1463 2370 tragoediae
1486 2331 1623 2370 patroni
1650 2337 1814 2371 tanquam
1838 2332 1979 2372 aliquod

181 2380 375 2410 Palladium
409 2381 616 2420 defendunt;
656 2383 847 2413 adversarii
880 2383 1076 2422 praefracte
1113 2383 1217 2413 ullam
1249 2383 1281 2413 in
1317 2393 1360 2414 eo
1389 2384 1434 2413 ad
1463 2384 1774 2414 demonstrandum
1804 2385 1871 2414 vim
1902 2395 1980 2417 esse

182 2440 322 2474 negant.
