<?xml version="1.0" encoding="UTF-8"?>
<!DOCTYPE html PUBLIC "-//W3C//DTD XHTML 1.0 Transitional//EN"
    "http://www.w3.org/TR/xhtml1/DTD/xhtml1-transitional.dtd">
<html xmlns="http://www.w3.org/1999/xhtml" xml:lang="en" lang="en">
 <head>
  <title>
</title>
<meta http-equiv="Content-Type" content="text/html;charset=utf-8" />
  <meta name='ocr-system' content='tesseract 3.04.00' />
  <meta name='ocr-capabilities' content='ocr_page ocr_carea ocr_par ocr_line ocrx_word'/>
</head>
<body>
  <div class='ocr_page' id='page_1' title='image "./depindaricarmin00leutuoft_0010.png"; bbox 0 0 2287 3116; ppageno 0'>
   <div class='ocr_carea' id='block_1_1' title="bbox 476 332 1979 431">
    <p class='ocr_par' dir='ltr' id='par_1_1' title="bbox 476 332 1979 431">
     <span class='ocr_line' id='line_1_1' title="bbox 476 332 1979 379; baseline -0.005 -8"><span class='ocrx_word' id='word_1_1' title='bbox 476 342 503 371; x_wconf 65' lang='grc' dir='ltr'>Γ».</span> <span class='ocrx_word' id='word_1_2' title='bbox 549 339 767 379; x_wconf 78' lang='lat' dir='ltr'>Tragoediae</span> <span class='ocrx_word' id='word_1_3' title='bbox 802 338 929 378; x_wconf 78' lang='lat' dir='ltr'>lyricae</span> <span class='ocrx_word' id='word_1_4' title='bbox 963 336 1053 366; x_wconf 83' lang='lat' dir='ltr'>fama</span> <span class='ocrx_word' id='word_1_5' title='bbox 1087 343 1120 365; x_wconf 82' lang='lat' dir='ltr'>et</span> <span class='ocrx_word' id='word_1_6' title='bbox 1153 334 1240 364; x_wconf 84' lang='lat' dir='ltr'>fides</span> <span class='ocrx_word' id='word_1_7' title='bbox 1275 333 1428 372; x_wconf 77' lang='lat' dir='ltr'>inprimis</span> <span class='ocrx_word' id='word_1_8' title='bbox 1459 332 1587 363; x_wconf 83' lang='lat' dir='ltr'>Suidae</span> <span class='ocrx_word' id='word_1_9' title='bbox 1622 332 1819 363; x_wconf 90' lang='lat' dir='ltr'>testimonio</span> <span class='ocrx_word' id='word_1_10' title='bbox 1853 332 1979 364; x_wconf 88' lang='lat' dir='ltr'>nititur.</span> 
     </span>
     <span class='ocr_line' id='line_1_2' title="bbox 535 385 1914 431; baseline -0.006 -7"><span class='ocrx_word' id='word_1_11' title='bbox 535 394 574 424; x_wconf 91' lang='lat' dir='ltr'>Id</span> <span class='ocrx_word' id='word_1_12' title='bbox 598 393 829 424; x_wconf 82' lang='lat' dir='ltr'>testimonium</span> <span class='ocrx_word' id='word_1_13' title='bbox 854 391 910 431; x_wconf 89' lang='lat' dir='ltr'>qui</span> <span class='ocrx_word' id='word_1_14' title='bbox 936 390 1061 421; x_wconf 86' lang='lat' dir='ltr'>eruditi</span> <span class='ocrx_word' id='word_1_15' title='bbox 1085 389 1116 419; x_wconf 90' lang='lat' dir='ltr'>in</span> <span class='ocrx_word' id='word_1_16' title='bbox 1141 387 1364 427; x_wconf 71' lang='lat' dir='ltr'>suspitionem</span> <span class='ocrx_word' id='word_1_17' title='bbox 1389 387 1606 425; x_wconf 80' lang='lat' dir='ltr'>adduxerint,</span> <span class='ocrx_word' id='word_1_18' title='bbox 1629 387 1687 426; x_wconf 92' lang='lat' dir='ltr'>qui</span> <span class='ocrx_word' id='word_1_19' title='bbox 1711 385 1914 417; x_wconf 88' lang='lat' dir='ltr'>defenderit.</span> 
     </span>
    </p>
   </div>
   <div class='ocr_carea' id='block_1_2' title="bbox 332 478 2126 2310">
    <p class='ocr_par' dir='ltr' id='par_1_2' title="bbox 335 478 2126 1440">
     <span class='ocr_line' id='line_1_3' title="bbox 484 478 2121 523; baseline -0.004 -8"><span class='ocrx_word' id='word_1_20' title='bbox 484 485 610 515; x_wconf 65' lang='lat' dir='ltr'>Verum</span> <span class='ocrx_word' id='word_1_21' title='bbox 634 494 689 514; x_wconf 84' lang='lat' dir='ltr'>res</span> <span class='ocrx_word' id='word_1_22' title='bbox 719 490 754 513; x_wconf 92' lang='lat' dir='ltr'>ut</span> <span class='ocrx_word' id='word_1_23' title='bbox 779 481 1069 523; x_wconf 73' lang='lat' dir='ltr'>quemadmodum</span> <span class='ocrx_word' id='word_1_24' title='bbox 1094 480 1203 515; x_wconf 72' lang='lat' dir='ltr'>decetv</span> <span class='ocrx_word' id='word_1_25' title='bbox 1233 478 1265 508; x_wconf 85' lang='lat' dir='ltr'>in</span> <span class='ocrx_word' id='word_1_26' title='bbox 1289 488 1504 519; x_wconf 84' lang='lat' dir='ltr'>areopagum</span> <span class='ocrx_word' id='word_1_27' title='bbox 1528 479 1730 513; x_wconf 81' lang='lat' dir='ltr'>adducatur,</span> <span class='ocrx_word' id='word_1_28' title='bbox 1761 478 1916 517; x_wconf 88' lang='lat' dir='ltr'>seposito</span> <span class='ocrx_word' id='word_1_29' title='bbox 1941 478 2121 518; x_wconf 88' lang='lat' dir='ltr'>prooemio</span> 
     </span>
     <span class='ocr_line' id='line_1_4' title="bbox 337 531 2123 572; baseline -0.004 -2"><span class='ocrx_word' id='word_1_30' title='bbox 337 548 573 570; x_wconf 69' lang='lat' dir='ltr'>accusatorum</span> <span class='ocrx_word' id='word_1_31' title='bbox 616 547 702 568; x_wconf 87' lang='lat' dir='ltr'>nunc</span> <span class='ocrx_word' id='word_1_32' title='bbox 742 536 993 567; x_wconf 72' lang='lat' dir='ltr'>criminationes</span> <span class='ocrx_word' id='word_1_33' title='bbox 1031 533 1224 564; x_wconf 88' lang='lat' dir='ltr'>audiendae</span> <span class='ocrx_word' id='word_1_34' title='bbox 1264 537 1351 563; x_wconf 84' lang='lat' dir='ltr'>sunt.</span> <span class='ocrx_word' id='word_1_35' title='bbox 1406 532 1556 562; x_wconf 93' lang='lat' dir='ltr'>Primum</span> <span class='ocrx_word' id='word_1_36' title='bbox 1591 531 1774 562; x_wconf 76' lang='lat' dir='ltr'>Lobcskt&#39;us</span> <span class='ocrx_word' id='word_1_37' title='bbox 1809 532 1842 562; x_wconf 90' lang='lat' dir='ltr'>in</span> <span class='ocrx_word' id='word_1_38' title='bbox 1874 532 2123 572; x_wconf 83' lang='lat' dir='ltr'>Aglaophamo</span> 
     </span>
     <span class='ocr_line' id='line_1_5' title="bbox 337 586 2123 633; baseline -0.004 -9"><span class='ocrx_word' id='word_1_39' title='bbox 337 604 367 633; x_wconf 85' lang='lat' dir='ltr'>p.</span> <span class='ocrx_word' id='word_1_40' title='bbox 393 594 452 624; x_wconf 66' lang='lat'>977</span> <span class='ocrx_word' id='word_1_41' title='bbox 477 592 679 633; x_wconf 72' lang='lat' dir='ltr'>tragoediae</span> <span class='ocrx_word' id='word_1_42' title='bbox 704 591 907 621; x_wconf 66' lang='lat' dir='ltr'>vocabulum</span> <span class='ocrx_word' id='word_1_43' title='bbox 934 600 953 618; x_wconf 90' lang='lat' dir='ltr'>a</span> <span class='ocrx_word' id='word_1_44' title='bbox 977 587 1176 628; x_wconf 80' lang='lat' dir='ltr'>Byzantinis</span> <span class='ocrx_word' id='word_1_45' title='bbox 1201 586 1451 617; x_wconf 84' lang='lat' dir='ltr'>litteratoribus</span> <span class='ocrx_word' id='word_1_46' title='bbox 1474 596 1494 616; x_wconf 91' lang='lat' dir='ltr'>a</span> <span class='ocrx_word' id='word_1_47' title='bbox 1517 586 1631 625; x_wconf 89' lang='lat' dir='ltr'>prisco</span> <span class='ocrx_word' id='word_1_48' title='bbox 1655 592 1689 617; x_wconf 92' lang='lat' dir='ltr'>et</span> <span class='ocrx_word' id='word_1_49' title='bbox 1711 587 1864 627; x_wconf 86' lang='lat' dir='ltr'>genuino</span> <span class='ocrx_word' id='word_1_50' title='bbox 1889 596 1991 617; x_wconf 81' lang='lat' dir='ltr'>sensu</span> <span class='ocrx_word' id='word_1_51' title='bbox 2015 596 2123 626; x_wconf 83' lang='lat' dir='ltr'>saepe</span> 
     </span>
     <span class='ocr_line' id='line_1_6' title="bbox 337 639 2124 685; baseline -0.004 -7"><span class='ocrx_word' id='word_1_52' title='bbox 337 649 516 678; x_wconf 76' lang='lat' dir='ltr'>distortum</span> <span class='ocrx_word' id='word_1_53' title='bbox 550 653 653 685; x_wconf 82' lang='lat' dir='ltr'>atque</span> <span class='ocrx_word' id='word_1_54' title='bbox 689 644 858 675; x_wconf 66' lang='lat' dir='ltr'>deflexum</span> <span class='ocrx_word' id='word_1_55' title='bbox 893 654 969 673; x_wconf 72' lang='lat' dir='ltr'>esse</span> <span class='ocrx_word' id='word_1_56' title='bbox 1003 641 1162 672; x_wconf 82' lang='lat' dir='ltr'>ostendit.</span> <span class='ocrx_word' id='word_1_57' title='bbox 1206 640 1312 680; x_wconf 85' lang='lat' dir='ltr'>Apud</span> <span class='ocrx_word' id='word_1_58' title='bbox 1337 639 1479 671; x_wconf 88' lang='lat' dir='ltr'>Suidam</span> <span class='ocrx_word' id='word_1_59' title='bbox 1514 639 1617 679; x_wconf 85' lang='lat' dir='ltr'>igitur</span> <span class='ocrx_word' id='word_1_60' title='bbox 1647 650 1724 670; x_wconf 90' lang='lat' dir='ltr'>cum</span> <span class='ocrx_word' id='word_1_61' title='bbox 1750 639 1902 670; x_wconf 87' lang='lat' dir='ltr'>Pindaro</span> <span class='ocrx_word' id='word_1_62' title='bbox 1935 640 2054 671; x_wconf 86' lang='lat' dir='ltr'>itidem</span> <span class='ocrx_word' id='word_1_63' title='bbox 2086 646 2124 670; x_wconf 92' lang='lat' dir='ltr'>ut</span> 
     </span>
     <span class='ocr_line' id='line_1_7' title="bbox 339 693 2123 739; baseline -0.004 -7"><span class='ocrx_word' id='word_1_64' title='bbox 339 701 503 733; x_wconf 67' lang='lat' dir='ltr'>Simonidi</span> <span class='ocrx_word' id='word_1_65' title='bbox 541 699 743 739; x_wconf 76' lang='lat' dir='ltr'>tragoediae</span> <span class='ocrx_word' id='word_1_66' title='bbox 774 698 974 729; x_wconf 77' lang='lat' dir='ltr'>tribuantur.</span> <span class='ocrx_word' id='word_1_67' title='bbox 1009 695 1053 725; x_wconf 87' lang='lat' dir='ltr'>nil</span> <span class='ocrx_word' id='word_1_68' title='bbox 1085 695 1270 734; x_wconf 84' lang='lat' dir='ltr'>quidquam</span> <span class='ocrx_word' id='word_1_69' title='bbox 1301 693 1514 733; x_wconf 81' lang='lat' dir='ltr'>probabilius</span> <span class='ocrx_word' id='word_1_70' title='bbox 1543 703 1629 730; x_wconf 85' lang='lat' dir='ltr'>esse,</span> <span class='ocrx_word' id='word_1_71' title='bbox 1664 703 1766 733; x_wconf 90' lang='lat' dir='ltr'>quarn</span> <span class='ocrx_word' id='word_1_72' title='bbox 1795 704 1836 725; x_wconf 85' lang='lat' dir='ltr'>eo</span> <span class='ocrx_word' id='word_1_73' title='bbox 1860 695 2030 725; x_wconf 86' lang='lat' dir='ltr'>vocabulo</span> <span class='ocrx_word' id='word_1_74' title='bbox 2054 703 2123 724; x_wconf 94' lang='lat' dir='ltr'>non</span> 
     </span>
     <span class='ocr_line' id='line_1_8' title="bbox 337 747 2124 794; baseline -0.004 -9"><span class='ocrx_word' id='word_1_75' title='bbox 337 756 413 785; x_wconf 69' lang='lat' dir='ltr'>novi</span> <span class='ocrx_word' id='word_1_76' title='bbox 451 755 587 794; x_wconf 82' lang='lat' dir='ltr'>aliquid.</span> <span class='ocrx_word' id='word_1_77' title='bbox 624 763 741 783; x_wconf 71' lang='lat' dir='ltr'>verum</span> <span class='ocrx_word' id='word_1_78' title='bbox 774 753 921 790; x_wconf 83' lang='grc' dir='ltr'>Θρήνους,</span> <span class='ocrx_word' id='word_1_79' title='bbox 955 749 1169 780; x_wconf 85' lang='lat' dir='ltr'>notissimum</span> <span class='ocrx_word' id='word_1_80' title='bbox 1202 748 1318 788; x_wconf 85' lang='lat' dir='ltr'>poesis</span> <span class='ocrx_word' id='word_1_81' title='bbox 1349 748 1478 788; x_wconf 86' lang='lat' dir='ltr'>lyricae</span> <span class='ocrx_word' id='word_1_82' title='bbox 1509 757 1629 787; x_wconf 86' lang='lat' dir='ltr'>genus,</span> <span class='ocrx_word' id='word_1_83' title='bbox 1666 747 1861 787; x_wconf 85' lang='lat' dir='ltr'>significari.</span> <span class='ocrx_word' id='word_1_84' title='bbox 1909 747 2124 788; x_wconf 80' lang='lat' dir='ltr'>Godosrcdus</span> 
     </span>
     <span class='ocr_line' id='line_1_9' title="bbox 340 801 2123 842; baseline -0.003 -3"><span class='ocrx_word' id='word_1_85' title='bbox 340 810 463 840; x_wconf 82' lang='lat' dir='ltr'>deinde</span> <span class='ocrx_word' id='word_1_86' title='bbox 496 808 715 838; x_wconf 64' lang='lat' dir='ltr'>llcrmanmzs</span> <span class='ocrx_word' id='word_1_87' title='bbox 753 806 784 835; x_wconf 93' lang='lat' dir='ltr'>in</span> <span class='ocrx_word' id='word_1_88' title='bbox 819 804 1108 835; x_wconf 80' lang='lat' dir='ltr'>commentatione</span> <span class='ocrx_word' id='word_1_89' title='bbox 1139 813 1243 842; x_wconf 89' lang='lat' dir='ltr'>supra</span> <span class='ocrx_word' id='word_1_90' title='bbox 1276 802 1436 835; x_wconf 85' lang='lat' dir='ltr'>indicata.</span> <span class='ocrx_word' id='word_1_91' title='bbox 1472 812 1540 842; x_wconf 85' lang='lat' dir='ltr'>qua</span> <span class='ocrx_word' id='word_1_92' title='bbox 1574 801 1741 832; x_wconf 84' lang='lat' dir='ltr'>Boeckhii</span> <span class='ocrx_word' id='word_1_93' title='bbox 1775 802 1948 833; x_wconf 82' lang='lat' dir='ltr'>inventum</span> <span class='ocrx_word' id='word_1_94' title='bbox 1983 809 2020 833; x_wconf 94' lang='lat' dir='ltr'>ut</span> <span class='ocrx_word' id='word_1_95' title='bbox 2056 803 2123 834; x_wconf 80' lang='grc' dir='ltr'>ὠὸν</span> 
     </span>
     <span class='ocr_line' id='line_1_10' title="bbox 339 855 2122 901; baseline -0.003 -8"><span class='ocrx_word' id='word_1_96' title='bbox 339 865 501 894; x_wconf 77' lang='grc' dir='ltr'>ανευιαῑον</span> <span class='ocrx_word' id='word_1_97' title='bbox 518 862 707 901; x_wconf 79' lang='lat' dir='ltr'>explodere</span> <span class='ocrx_word' id='word_1_98' title='bbox 732 860 856 891; x_wconf 70' lang='lat' dir='ltr'>studet,</span> <span class='ocrx_word' id='word_1_99' title='bbox 881 860 1007 898; x_wconf 86' lang='lat' dir='ltr'>Opusc.</span> <span class='ocrx_word' id='word_1_100' title='bbox 1026 857 1102 892; x_wconf 86' lang='lat' dir='ltr'>Vll,</span> <span class='ocrx_word' id='word_1_101' title='bbox 1118 867 1150 897; x_wconf 91' lang='lat' dir='ltr'>p.</span> <span class='ocrx_word' id='word_1_102' title='bbox 1168 858 1238 892; x_wconf 74' lang='lat'>213,</span> <span class='ocrx_word' id='word_1_103' title='bbox 1262 856 1404 888; x_wconf 89' lang='lat' dir='ltr'>Suidam</span> <span class='ocrx_word' id='word_1_104' title='bbox 1428 862 1464 886; x_wconf 93' lang='lat' dir='ltr'>ut</span> <span class='ocrx_word' id='word_1_105' title='bbox 1484 856 1656 887; x_wconf 87' lang='lat' dir='ltr'>hominem</span> <span class='ocrx_word' id='word_1_106' title='bbox 1673 855 1804 886; x_wconf 86' lang='lat' dir='ltr'>fatuum</span> <span class='ocrx_word' id='word_1_107' title='bbox 1828 862 1862 886; x_wconf 87' lang='lat' dir='ltr'>et</span> <span class='ocrx_word' id='word_1_108' title='bbox 1885 867 1987 887; x_wconf 88' lang='lat' dir='ltr'>sensu</span> <span class='ocrx_word' id='word_1_109' title='bbox 2003 857 2122 888; x_wconf 87' lang='lat' dir='ltr'>critico</span> 
     </span>
     <span class='ocr_line' id='line_1_11' title="bbox 338 910 2122 954; baseline -0.002 -9"><span class='ocrx_word' id='word_1_110' title='bbox 338 918 536 947; x_wconf 77' lang='lat' dir='ltr'>destitutum</span> <span class='ocrx_word' id='word_1_111' title='bbox 562 915 681 954; x_wconf 83' lang='lat' dir='ltr'>carpit,</span> <span class='ocrx_word' id='word_1_112' title='bbox 706 914 761 953; x_wconf 91' lang='lat' dir='ltr'>qui</span> <span class='ocrx_word' id='word_1_113' title='bbox 786 913 895 952; x_wconf 89' lang='lat' dir='ltr'>copiis</span> <span class='ocrx_word' id='word_1_114' title='bbox 919 912 1057 952; x_wconf 87' lang='lat' dir='ltr'>optimis</span> <span class='ocrx_word' id='word_1_115' title='bbox 1081 911 1334 952; x_wconf 77' lang='lat' dir='ltr'>imperitissime</span> <span class='ocrx_word' id='word_1_116' title='bbox 1358 921 1439 941; x_wconf 85' lang='lat' dir='ltr'>usus</span> <span class='ocrx_word' id='word_1_117' title='bbox 1463 910 1515 940; x_wconf 90' lang='lat' dir='ltr'>sit.</span> <span class='ocrx_word' id='word_1_118' title='bbox 1562 910 1659 941; x_wconf 92' lang='lat' dir='ltr'>Haec</span> <span class='ocrx_word' id='word_1_119' title='bbox 1681 910 1750 950; x_wconf 82' lang='lat' dir='ltr'>qui,</span> <span class='ocrx_word' id='word_1_120' title='bbox 1774 916 1809 941; x_wconf 91' lang='lat' dir='ltr'>ut</span> <span class='ocrx_word' id='word_1_121' title='bbox 1831 920 1894 950; x_wconf 88' lang='lat' dir='ltr'>par</span> <span class='ocrx_word' id='word_1_122' title='bbox 1919 917 1982 945; x_wconf 90' lang='lat' dir='ltr'>est,</span> <span class='ocrx_word' id='word_1_123' title='bbox 2006 920 2122 942; x_wconf 89' lang='lat' dir='ltr'>secum</span> 
     </span>
     <span class='ocr_line' id='line_1_12' title="bbox 337 963 2123 1010; baseline -0.003 -10"><span class='ocrx_word' id='word_1_124' title='bbox 337 979 483 1010; x_wconf 58' lang='lat' dir='ltr'>reputet.</span> <span class='ocrx_word' id='word_1_125' title='bbox 508 970 535 999; x_wconf 85' lang='lat' dir='ltr'>is</span> <span class='ocrx_word' id='word_1_126' title='bbox 557 967 785 1007; x_wconf 41' lang='grc' dir='ltr'>ΙΙαηιιῘΙίιῑιΥι·γ</span> <span class='ocrx_word' id='word_1_127' title='bbox 814 967 930 1006; x_wconf 75' lang='lat' dir='ltr'>inquit,</span> <span class='ocrx_word' id='word_1_128' title='bbox 961 966 1155 1000; x_wconf 70' lang='lat' dir='ltr'>adducclur,</span> <span class='ocrx_word' id='word_1_129' title='bbox 1184 967 1223 995; x_wconf 77' lang='lat' dir='ltr'>ul</span> <span class='ocrx_word' id='word_1_130' title='bbox 1244 964 1310 994; x_wconf 75' lang='lat' dir='ltr'>sali</span> <span class='ocrx_word' id='word_1_131' title='bbox 1330 967 1465 994; x_wconf 68' lang='lat' dir='ltr'>auclom‘</span> <span class='ocrx_word' id='word_1_132' title='bbox 1487 963 1682 1005; x_wconf 69' lang='lat' dir='ltr'>tragoedias</span> <span class='ocrx_word' id='word_1_133' title='bbox 1700 965 1798 1005; x_wconf 68' lang='lat' dir='ltr'>pulc!</span> <span class='ocrx_word' id='word_1_134' title='bbox 1819 963 1973 994; x_wconf 68' lang='lat' dir='ltr'>Pindaro</span> <span class='ocrx_word' id='word_1_135' title='bbox 1994 963 2123 995; x_wconf 71' lang='lat' dir='ltr'>adscri—</span> 
     </span>
     <span class='ocr_line' id='line_1_13' title="bbox 336 1018 2124 1063; baseline -0.002 -10"><span class='ocrx_word' id='word_1_136' title='bbox 336 1025 361 1053; x_wconf 69' lang='lat' dir='ltr'>l&#39;(</span> <span class='ocrx_word' id='word_1_137' title='bbox 375 1025 455 1054; x_wconf 71' lang='lat' dir='ltr'>udas</span> <span class='ocrx_word' id='word_1_138' title='bbox 479 1033 546 1053; x_wconf 62' lang='lat' dir='ltr'>‹tm-c</span> <span class='ocrx_word' id='word_1_139' title='bbox 568 1033 686 1063; x_wconf 56' lang='lat' dir='ltr'>sasque·</span> <span class='ocrx_word' id='word_1_140' title='bbox 709 1022 798 1055; x_wconf 65' lang='lat' dir='ltr'>adso.</span> <span class='ocrx_word' id='word_1_141' title='bbox 821 1031 917 1062; x_wconf 76' lang='lat' dir='ltr'>thm</span> <span class='ocrx_word' id='word_1_142' title='bbox 933 1023 1043 1050; x_wconf 73' lang='lat' dir='ltr'>lnmcn</span> <span class='ocrx_word' id='word_1_143' title='bbox 1065 1020 1210 1058; x_wconf 83' lang='grc' dir='ltr'>δράματα</span> <span class='ocrx_word' id='word_1_144' title='bbox 1233 1018 1404 1054; x_wconf 71' lang='lat' dir='ltr'>dicantur,</span> <span class='ocrx_word' id='word_1_145' title='bbox 1427 1018 1561 1060; x_wconf 32' lang='lat' dir='ltr'>Iti-ricus.</span> <span class='ocrx_word' id='word_1_146' title='bbox 1598 1018 1724 1050; x_wconf 85' lang='lat' dir='ltr'>Suidae</span> <span class='ocrx_word' id='word_1_147' title='bbox 1747 1019 1893 1057; x_wconf 80' lang='grc' dir='ltr'>δράματα</span> <span class='ocrx_word' id='word_1_148' title='bbox 1916 1029 2028 1059; x_wconf 85' lang='lat' dir='ltr'>neque</span> <span class='ocrx_word' id='word_1_149' title='bbox 2043 1020 2124 1050; x_wconf 92' lang='lat' dir='ltr'>novi</span> 
     </span>
     <span class='ocr_line' id='line_1_14' title="bbox 339 1072 2126 1118; baseline -0.002 -11"><span class='ocrx_word' id='word_1_150' title='bbox 339 1080 522 1118; x_wconf 80' lang='lat' dir='ltr'>quidquam</span> <span class='ocrx_word' id='word_1_151' title='bbox 546 1087 658 1116; x_wconf 83' lang='lat' dir='ltr'>neque</span> <span class='ocrx_word' id='word_1_152' title='bbox 682 1076 791 1116; x_wconf 88' lang='lat' dir='ltr'>ignoti</span> <span class='ocrx_word' id='word_1_153' title='bbox 815 1074 1025 1115; x_wconf 73' lang='lat' dir='ltr'>significare:</span> <span class='ocrx_word' id='word_1_154' title='bbox 1049 1074 1153 1104; x_wconf 94' lang='lat' dir='ltr'>immo</span> <span class='ocrx_word' id='word_1_155' title='bbox 1178 1084 1254 1104; x_wconf 85' lang='lat' dir='ltr'>esse</span> <span class='ocrx_word' id='word_1_156' title='bbox 1271 1073 1478 1109; x_wconf 88' lang='lat' dir='ltr'>notissimos,</span> <span class='ocrx_word' id='word_1_157' title='bbox 1503 1084 1590 1113; x_wconf 89' lang='lat' dir='ltr'>quos</span> <span class='ocrx_word' id='word_1_158' title='bbox 1612 1073 1717 1104; x_wconf 89' lang='lat' dir='ltr'>modo</span> <span class='ocrx_word' id='word_1_159' title='bbox 1735 1073 1858 1104; x_wconf 65' lang='lat' dir='ltr'>suidas</span> <span class='ocrx_word' id='word_1_160' title='bbox 1880 1072 1969 1104; x_wconf 89' lang='lat' dir='ltr'>falso</span> <span class='ocrx_word' id='word_1_161' title='bbox 1988 1073 2126 1104; x_wconf 85' lang='lat' dir='ltr'>nomine</span> 
     </span>
     <span class='ocr_line' id='line_1_15' title="bbox 339 1126 2125 1171; baseline -0.002 -9"><span class='ocrx_word' id='word_1_162' title='bbox 339 1132 595 1171; x_wconf 74' lang='lat' dir='ltr'>nuncupaverit,</span> <span class='ocrx_word' id='word_1_163' title='bbox 629 1131 867 1170; x_wconf 70' lang='lat' dir='ltr'>dithyrambos</span> <span class='ocrx_word' id='word_1_164' title='bbox 896 1132 940 1169; x_wconf 88' lang='lat' dir='ltr'>(p.</span> <span class='ocrx_word' id='word_1_165' title='bbox 964 1130 1048 1160; x_wconf 50' lang='lat'>2143.</span> <span class='ocrx_word' id='word_1_166' title='bbox 1092 1126 1296 1158; x_wconf 51' lang='grc' dir='ltr'>[καίει-[τίω</span> <span class='ocrx_word' id='word_1_167' title='bbox 1323 1127 1355 1157; x_wconf 96' lang='lat' dir='ltr'>in</span> <span class='ocrx_word' id='word_1_168' title='bbox 1387 1128 1676 1158; x_wconf 86' lang='lat' dir='ltr'>commentatione</span> <span class='ocrx_word' id='word_1_169' title='bbox 1704 1128 1856 1167; x_wconf 84' lang='lat' dir='ltr'>optimae</span> <span class='ocrx_word' id='word_1_170' title='bbox 1883 1127 1994 1168; x_wconf 82' lang='lat' dir='ltr'>frugis</span> <span class='ocrx_word' id='word_1_171' title='bbox 2021 1128 2125 1168; x_wconf 86' lang='lat' dir='ltr'>plena</span> 
     </span>
     <span class='ocr_line' id='line_1_16' title="bbox 336 1181 2124 1222; baseline -0.002 -6"><span class='ocrx_word' id='word_1_172' title='bbox 336 1189 378 1217; x_wconf 72' lang='lat' dir='ltr'>de</span> <span class='ocrx_word' id='word_1_173' title='bbox 410 1186 547 1217; x_wconf 87' lang='lat' dir='ltr'>Pindari</span> <span class='ocrx_word' id='word_1_174' title='bbox 577 1186 720 1215; x_wconf 82' lang='lat' dir='ltr'>vitarum</span> <span class='ocrx_word' id='word_1_175' title='bbox 748 1184 910 1216; x_wconf 82' lang='lat' dir='ltr'>fontibus.</span> <span class='ocrx_word' id='word_1_176' title='bbox 942 1183 974 1213; x_wconf 91' lang='lat' dir='ltr'>in</span> <span class='ocrx_word' id='word_1_177' title='bbox 1002 1183 1187 1222; x_wconf 86' lang='lat' dir='ltr'>Philologo</span> <span class='ocrx_word' id='word_1_178' title='bbox 1211 1182 1273 1220; x_wconf 86' lang='lat' dir='ltr'>Xl,</span> <span class='ocrx_word' id='word_1_179' title='bbox 1301 1183 1346 1221; x_wconf 77' lang='lat'>18,</span> <span class='ocrx_word' id='word_1_180' title='bbox 1377 1182 1408 1212; x_wconf 91' lang='lat' dir='ltr'>in</span> <span class='ocrx_word' id='word_1_181' title='bbox 1438 1183 1581 1213; x_wconf 88' lang='lat' dir='ltr'>articulo</span> <span class='ocrx_word' id='word_1_182' title='bbox 1611 1181 1741 1213; x_wconf 85' lang='lat' dir='ltr'>Suidae</span> <span class='ocrx_word' id='word_1_183' title='bbox 1768 1182 1952 1212; x_wconf 90' lang='lat' dir='ltr'>Pindarico</span> <span class='ocrx_word' id='word_1_184' title='bbox 1979 1192 2124 1222; x_wconf 81' lang='lat' dir='ltr'>gravem</span> 
     </span>
     <span class='ocr_line' id='line_1_17' title="bbox 337 1236 2124 1281; baseline -0.002 -12"><span class='ocrx_word' id='word_1_185' title='bbox 337 1241 509 1281; x_wconf 73' lang='lat' dir='ltr'>quandam</span> <span class='ocrx_word' id='word_1_186' title='bbox 532 1249 591 1269; x_wconf 89' lang='lat' dir='ltr'>seu</span> <span class='ocrx_word' id='word_1_187' title='bbox 614 1238 907 1278; x_wconf 88' lang='lat' dir='ltr'>perturbationem</span> <span class='ocrx_word' id='word_1_188' title='bbox 935 1247 994 1268; x_wconf 90' lang='lat' dir='ltr'>seu</span> <span class='ocrx_word' id='word_1_189' title='bbox 1018 1237 1251 1276; x_wconf 86' lang='lat' dir='ltr'>corruptelam</span> <span class='ocrx_word' id='word_1_190' title='bbox 1274 1243 1472 1277; x_wconf 82' lang='lat' dir='ltr'>grassatam</span> <span class='ocrx_word' id='word_1_191' title='bbox 1491 1247 1569 1267; x_wconf 87' lang='lat' dir='ltr'>esse</span> <span class='ocrx_word' id='word_1_192' title='bbox 1593 1243 1720 1276; x_wconf 80' lang='lat' dir='ltr'>censet,</span> <span class='ocrx_word' id='word_1_193' title='bbox 1743 1246 1832 1276; x_wconf 90' lang='lat' dir='ltr'>quae</span> <span class='ocrx_word' id='word_1_194' title='bbox 1855 1246 1942 1267; x_wconf 89' lang='lat' dir='ltr'>nunc</span> <span class='ocrx_word' id='word_1_195' title='bbox 1965 1246 2032 1267; x_wconf 92' lang='lat' dir='ltr'>non</span> <span class='ocrx_word' id='word_1_196' title='bbox 2056 1236 2124 1266; x_wconf 89' lang='lat' dir='ltr'>iam</span> 
     </span>
     <span class='ocr_line' id='line_1_18' title="bbox 335 1289 2124 1334; baseline -0.002 -9"><span class='ocrx_word' id='word_1_197' title='bbox 335 1296 366 1325; x_wconf 93' lang='lat' dir='ltr'>in</span> <span class='ocrx_word' id='word_1_198' title='bbox 390 1296 561 1334; x_wconf 87' lang='lat' dir='ltr'>integrum</span> <span class='ocrx_word' id='word_1_199' title='bbox 584 1293 716 1323; x_wconf 88' lang='lat' dir='ltr'>restitui</span> <span class='ocrx_word' id='word_1_200' title='bbox 739 1292 858 1332; x_wconf 83' lang='lat' dir='ltr'>possit.</span> <span class='ocrx_word' id='word_1_201' title='bbox 903 1290 1147 1331; x_wconf 51' lang='lat' dir='ltr'>Bt‘ruhartffi&#39;us</span> <span class='ocrx_word' id='word_1_202' title='bbox 1175 1290 1207 1320; x_wconf 91' lang='lat' dir='ltr'>in</span> <span class='ocrx_word' id='word_1_203' title='bbox 1230 1291 1385 1321; x_wconf 86' lang='lat' dir='ltr'>Historia</span> <span class='ocrx_word' id='word_1_204' title='bbox 1408 1291 1470 1322; x_wconf 90' lang='lat' dir='ltr'>litt.</span> <span class='ocrx_word' id='word_1_205' title='bbox 1496 1289 1619 1321; x_wconf 84' lang='lat' dir='ltr'>Graec.</span> <span class='ocrx_word' id='word_1_206' title='bbox 1645 1291 1686 1324; x_wconf 91' lang='grc' dir='ltr'>ΙΙ,</span> <span class='ocrx_word' id='word_1_207' title='bbox 1713 1291 1725 1321; x_wconf 94' lang='lat' dir='ltr'>l</span> <span class='ocrx_word' id='word_1_208' title='bbox 1751 1290 1873 1331; x_wconf 82' lang='lat'>(1867),</span> <span class='ocrx_word' id='word_1_209' title='bbox 1895 1300 1926 1331; x_wconf 92' lang='lat' dir='ltr'>p.</span> <span class='ocrx_word' id='word_1_210' title='bbox 1951 1291 2012 1321; x_wconf 88' lang='lat'>720</span> <span class='ocrx_word' id='word_1_211' title='bbox 2036 1296 2124 1322; x_wconf 82' lang='lat' dir='ltr'>extr.</span> 
     </span>
     <span class='ocr_line' id='line_1_19' title="bbox 335 1344 2124 1388; baseline -0.002 -9"><span class='ocrx_word' id='word_1_212' title='bbox 335 1351 380 1379; x_wconf 92' lang='lat' dir='ltr'>nil</span> <span class='ocrx_word' id='word_1_213' title='bbox 410 1349 471 1379; x_wconf 70' lang='lat' dir='ltr'>sibi</span> <span class='ocrx_word' id='word_1_214' title='bbox 504 1349 535 1378; x_wconf 90' lang='lat' dir='ltr'>in</span> <span class='ocrx_word' id='word_1_215' title='bbox 558 1354 718 1388; x_wconf 80' lang='lat' dir='ltr'>promptu</span> <span class='ocrx_word' id='word_1_216' title='bbox 747 1356 823 1376; x_wconf 85' lang='lat' dir='ltr'>esse</span> <span class='ocrx_word' id='word_1_217' title='bbox 846 1346 938 1381; x_wconf 87' lang='lat' dir='ltr'>dicit,</span> <span class='ocrx_word' id='word_1_218' title='bbox 968 1355 1036 1385; x_wconf 93' lang='lat' dir='ltr'>quo</span> <span class='ocrx_word' id='word_1_219' title='bbox 1061 1345 1219 1375; x_wconf 88' lang='lat' dir='ltr'>dramata</span> <span class='ocrx_word' id='word_1_220' title='bbox 1247 1344 1304 1375; x_wconf 89' lang='lat' dir='ltr'>illa</span> <span class='ocrx_word' id='word_1_221' title='bbox 1327 1345 1462 1385; x_wconf 86' lang='lat' dir='ltr'>tragica</span> <span class='ocrx_word' id='word_1_222' title='bbox 1490 1344 1605 1384; x_wconf 90' lang='lat' dir='ltr'>qualia</span> <span class='ocrx_word' id='word_1_223' title='bbox 1634 1344 1770 1382; x_wconf 80' lang='lat' dir='ltr'>fuerint,</span> <span class='ocrx_word' id='word_1_224' title='bbox 1803 1344 1969 1384; x_wconf 83' lang='lat' dir='ltr'>explicari</span> <span class='ocrx_word' id='word_1_225' title='bbox 2003 1345 2124 1385; x_wconf 86' lang='lat' dir='ltr'>possit.</span> 
     </span>
     <span class='ocr_line' id='line_1_20' title="bbox 338 1399 1796 1440; baseline -0.003 -6"><span class='ocrx_word' id='word_1_226' title='bbox 338 1404 436 1434; x_wconf 88' lang='lat' dir='ltr'>Hunc</span> <span class='ocrx_word' id='word_1_227' title='bbox 460 1404 491 1433; x_wconf 94' lang='lat' dir='ltr'>in</span> <span class='ocrx_word' id='word_1_228' title='bbox 516 1403 655 1433; x_wconf 92' lang='lat' dir='ltr'>modum</span> <span class='ocrx_word' id='word_1_229' title='bbox 681 1401 753 1435; x_wconf 70' lang='lat' dir='ltr'>viri,</span> <span class='ocrx_word' id='word_1_230' title='bbox 778 1410 923 1440; x_wconf 90' lang='lat' dir='ltr'>quorum</span> <span class='ocrx_word' id='word_1_231' title='bbox 946 1399 1084 1430; x_wconf 85' lang='lat' dir='ltr'>nomina</span> <span class='ocrx_word' id='word_1_232' title='bbox 1108 1400 1236 1430; x_wconf 87' lang='lat' dir='ltr'>decora</span> <span class='ocrx_word' id='word_1_233' title='bbox 1259 1405 1336 1430; x_wconf 89' lang='lat' dir='ltr'>sunt</span> <span class='ocrx_word' id='word_1_234' title='bbox 1359 1399 1581 1440; x_wconf 85' lang='lat' dir='ltr'>philologiae,</span> <span class='ocrx_word' id='word_1_235' title='bbox 1605 1399 1796 1430; x_wconf 82' lang='lat' dir='ltr'>edixerunt.</span> 
     </span>
    </p>

    <p class='ocr_par' dir='ltr' id='par_1_3' title="bbox 332 1453 2126 2310">
     <span class='ocr_line' id='line_1_21' title="bbox 484 1453 2124 1495; baseline -0.002 -8"><span class='ocrx_word' id='word_1_236' title='bbox 484 1457 634 1487; x_wconf 74' lang='lat' dir='ltr'>Diversa</span> <span class='ocrx_word' id='word_1_237' title='bbox 663 1457 767 1495; x_wconf 87' lang='lat' dir='ltr'>longe</span> <span class='ocrx_word' id='word_1_238' title='bbox 799 1455 932 1486; x_wconf 87' lang='lat' dir='ltr'>ratione</span> <span class='ocrx_word' id='word_1_239' title='bbox 962 1455 1051 1485; x_wconf 86' lang='lat' dir='ltr'>hunc</span> <span class='ocrx_word' id='word_1_240' title='bbox 1081 1455 1195 1485; x_wconf 91' lang='lat' dir='ltr'>locum</span> <span class='ocrx_word' id='word_1_241' title='bbox 1229 1463 1421 1494; x_wconf 84' lang='lat' dir='ltr'>aggressus</span> <span class='ocrx_word' id='word_1_242' title='bbox 1455 1460 1507 1485; x_wconf 89' lang='lat' dir='ltr'>est</span> <span class='ocrx_word' id='word_1_243' title='bbox 1539 1453 1728 1483; x_wconf 75' lang='lat' dir='ltr'>Theodorus</span> <span class='ocrx_word' id='word_1_244' title='bbox 1752 1453 1876 1494; x_wconf 67' lang='lat' dir='ltr'>Bergk.</span> <span class='ocrx_word' id='word_1_245' title='bbox 1912 1453 2012 1486; x_wconf 87' lang='lat' dir='ltr'>Poet.</span> <span class='ocrx_word' id='word_1_246' title='bbox 2044 1454 2124 1494; x_wconf 90' lang='lat' dir='ltr'>Lyr.</span> 
     </span>
     <span class='ocr_line' id='line_1_22' title="bbox 335 1507 2125 1551; baseline -0.001 -11"><span class='ocrx_word' id='word_1_247' title='bbox 335 1513 394 1542; x_wconf 70' lang='lat' dir='ltr'>(ir,</span> <span class='ocrx_word' id='word_1_248' title='bbox 418 1512 447 1542; x_wconf 77' lang='lat'>1⁴</span> <span class='ocrx_word' id='word_1_249' title='bbox 470 1522 502 1551; x_wconf 92' lang='lat' dir='ltr'>p.</span> <span class='ocrx_word' id='word_1_250' title='bbox 526 1511 596 1542; x_wconf 77' lang='lat'>367.</span> <span class='ocrx_word' id='word_1_251' title='bbox 642 1511 674 1541; x_wconf 87' lang='lat' dir='ltr'>Is</span> <span class='ocrx_word' id='word_1_252' title='bbox 707 1511 751 1541; x_wconf 92' lang='lat' dir='ltr'>de</span> <span class='ocrx_word' id='word_1_253' title='bbox 781 1510 911 1540; x_wconf 70' lang='lat' dir='ltr'>Suidae</span> <span class='ocrx_word' id='word_1_254' title='bbox 944 1509 1089 1539; x_wconf 89' lang='lat' dir='ltr'>articulo</span> <span class='ocrx_word' id='word_1_255' title='bbox 1121 1508 1316 1546; x_wconf 85' lang='lat' dir='ltr'>Pindarico,</span> <span class='ocrx_word' id='word_1_256' title='bbox 1351 1507 1504 1548; x_wconf 84' lang='lat' dir='ltr'>inprimis</span> <span class='ocrx_word' id='word_1_257' title='bbox 1539 1508 1582 1538; x_wconf 89' lang='lat' dir='ltr'>de</span> <span class='ocrx_word' id='word_1_258' title='bbox 1615 1517 1758 1547; x_wconf 87' lang='lat' dir='ltr'>operum</span> <span class='ocrx_word' id='word_1_259' title='bbox 1789 1508 1835 1538; x_wconf 92' lang='lat' dir='ltr'>ibi</span> <span class='ocrx_word' id='word_1_260' title='bbox 1866 1507 2125 1539; x_wconf 89' lang='lat' dir='ltr'>Pindaricorum</span> 
     </span>
     <span class='ocr_line' id='line_1_23' title="bbox 334 1561 2126 1604; baseline -0.002 -8"><span class='ocrx_word' id='word_1_261' title='bbox 334 1566 444 1597; x_wconf 90' lang='lat' dir='ltr'>indice</span> <span class='ocrx_word' id='word_1_262' title='bbox 468 1573 537 1596; x_wconf 91' lang='lat' dir='ltr'>tam</span> <span class='ocrx_word' id='word_1_263' title='bbox 555 1565 802 1604; x_wconf 84' lang='lat' dir='ltr'>circumspecte</span> <span class='ocrx_word' id='word_1_264' title='bbox 824 1570 990 1603; x_wconf 88' lang='lat' dir='ltr'>tantoque</span> <span class='ocrx_word' id='word_1_265' title='bbox 1006 1563 1161 1594; x_wconf 91' lang='lat' dir='ltr'>acumine</span> <span class='ocrx_word' id='word_1_266' title='bbox 1179 1562 1350 1597; x_wconf 81' lang='lat' dir='ltr'>disseruit,</span> <span class='ocrx_word' id='word_1_267' title='bbox 1373 1568 1409 1592; x_wconf 89' lang='lat' dir='ltr'>ut</span> <span class='ocrx_word' id='word_1_268' title='bbox 1426 1572 1508 1593; x_wconf 89' lang='lat' dir='ltr'>vere</span> <span class='ocrx_word' id='word_1_269' title='bbox 1531 1561 1597 1592; x_wconf 92' lang='lat' dir='ltr'>dici</span> <span class='ocrx_word' id='word_1_270' title='bbox 1621 1562 1742 1602; x_wconf 87' lang='lat' dir='ltr'>possit,</span> <span class='ocrx_word' id='word_1_271' title='bbox 1767 1562 1839 1592; x_wconf 90' lang='lat' dir='ltr'>eius</span> <span class='ocrx_word' id='word_1_272' title='bbox 1862 1562 1998 1593; x_wconf 91' lang='lat' dir='ltr'>demum</span> <span class='ocrx_word' id='word_1_273' title='bbox 2016 1572 2126 1602; x_wconf 86' lang='lat' dir='ltr'>opera</span> 
     </span>
     <span class='ocr_line' id='line_1_24' title="bbox 334 1615 2124 1659; baseline -0.002 -9"><span class='ocrx_word' id='word_1_274' title='bbox 334 1628 441 1650; x_wconf 73' lang='lat' dir='ltr'>totam</span> <span class='ocrx_word' id='word_1_275' title='bbox 467 1620 557 1650; x_wconf 87' lang='lat' dir='ltr'>illam</span> <span class='ocrx_word' id='word_1_276' title='bbox 579 1620 815 1659; x_wconf 88' lang='lat' dir='ltr'>quaestionem</span> <span class='ocrx_word' id='word_1_277' title='bbox 841 1618 872 1648; x_wconf 88' lang='lat' dir='ltr'>in</span> <span class='ocrx_word' id='word_1_278' title='bbox 895 1623 990 1649; x_wconf 89' lang='lat' dir='ltr'>certo</span> <span class='ocrx_word' id='word_1_279' title='bbox 1015 1617 1240 1647; x_wconf 87' lang='lat' dir='ltr'>fundamento</span> <span class='ocrx_word' id='word_1_280' title='bbox 1260 1617 1466 1647; x_wconf 90' lang='lat' dir='ltr'>collocatam</span> <span class='ocrx_word' id='word_1_281' title='bbox 1488 1625 1574 1649; x_wconf 84' lang='lat' dir='ltr'>esse.</span> <span class='ocrx_word' id='word_1_282' title='bbox 1599 1615 1728 1647; x_wconf 88' lang='lat' dir='ltr'>Suidae</span> <span class='ocrx_word' id='word_1_283' title='bbox 1749 1615 1818 1647; x_wconf 88' lang='lat' dir='ltr'>fide</span> <span class='ocrx_word' id='word_1_284' title='bbox 1841 1623 1875 1647; x_wconf 86' lang='lat' dir='ltr'>et</span> <span class='ocrx_word' id='word_1_285' title='bbox 1896 1616 2017 1647; x_wconf 87' lang='lat' dir='ltr'>indicis</span> <span class='ocrx_word' id='word_1_286' title='bbox 2032 1618 2124 1656; x_wconf 88' lang='lat' dir='ltr'>apud</span> 
     </span>
     <span class='ocr_line' id='line_1_25' title="bbox 337 1669 2125 1714; baseline -0.003 -9"><span class='ocrx_word' id='word_1_287' title='bbox 337 1676 477 1705; x_wconf 69' lang='lat' dir='ltr'>Suidam</span> <span class='ocrx_word' id='word_1_288' title='bbox 495 1674 693 1714; x_wconf 86' lang='lat' dir='ltr'>integritate</span> <span class='ocrx_word' id='word_1_289' title='bbox 716 1673 928 1713; x_wconf 83' lang='lat' dir='ltr'>argumentis</span> <span class='ocrx_word' id='word_1_290' title='bbox 945 1671 1175 1702; x_wconf 80' lang='lat' dir='ltr'>invictissimis</span> <span class='ocrx_word' id='word_1_291' title='bbox 1192 1677 1293 1702; x_wconf 82' lang='lat' dir='ltr'>extra</span> <span class='ocrx_word' id='word_1_292' title='bbox 1311 1680 1446 1701; x_wconf 90' lang='lat' dir='ltr'>omnem</span> <span class='ocrx_word' id='word_1_293' title='bbox 1464 1669 1714 1700; x_wconf 85' lang='lat' dir='ltr'>dubitationem</span> <span class='ocrx_word' id='word_1_294' title='bbox 1731 1670 1854 1710; x_wconf 88' lang='lat' dir='ltr'>posita.</span> <span class='ocrx_word' id='word_1_295' title='bbox 1892 1669 2003 1700; x_wconf 89' lang='lat' dir='ltr'>Huius</span> <span class='ocrx_word' id='word_1_296' title='bbox 2018 1670 2125 1711; x_wconf 86' lang='lat' dir='ltr'>igitur</span> 
     </span>
     <span class='ocr_line' id='line_1_26' title="bbox 333 1724 2123 1769; baseline -0.002 -10"><span class='ocrx_word' id='word_1_297' title='bbox 333 1730 394 1760; x_wconf 77' lang='lat' dir='ltr'>viri</span> <span class='ocrx_word' id='word_1_298' title='bbox 411 1728 708 1769; x_wconf 86' lang='lat' dir='ltr'>praestantissimo</span> <span class='ocrx_word' id='word_1_299' title='bbox 733 1726 877 1758; x_wconf 88' lang='lat' dir='ltr'>acumini</span> <span class='ocrx_word' id='word_1_300' title='bbox 894 1727 1048 1765; x_wconf 72' lang='lat' dir='ltr'>debetur,</span> <span class='ocrx_word' id='word_1_301' title='bbox 1071 1732 1108 1756; x_wconf 92' lang='lat' dir='ltr'>ut</span> <span class='ocrx_word' id='word_1_302' title='bbox 1125 1725 1286 1756; x_wconf 85' lang='lat' dir='ltr'>subsidiis</span> <span class='ocrx_word' id='word_1_303' title='bbox 1303 1725 1358 1755; x_wconf 91' lang='lat' dir='ltr'>diu</span> <span class='ocrx_word' id='word_1_304' title='bbox 1374 1724 1544 1755; x_wconf 86' lang='lat' dir='ltr'>immerito</span> <span class='ocrx_word' id='word_1_305' title='bbox 1566 1724 1736 1764; x_wconf 78' lang='lat' dir='ltr'>suspectis</span> <span class='ocrx_word' id='word_1_306' title='bbox 1753 1731 1787 1755; x_wconf 90' lang='lat' dir='ltr'>et</span> <span class='ocrx_word' id='word_1_307' title='bbox 1810 1724 2000 1764; x_wconf 86' lang='lat' dir='ltr'>repudiatis</span> <span class='ocrx_word' id='word_1_308' title='bbox 2015 1725 2123 1756; x_wconf 87' lang='lat' dir='ltr'>maior</span> 
     </span>
     <span class='ocr_line' id='line_1_27' title="bbox 333 1779 2123 1820; baseline -0.002 -7"><span class='ocrx_word' id='word_1_309' title='bbox 333 1793 420 1813; x_wconf 91' lang='lat' dir='ltr'>nunc</span> <span class='ocrx_word' id='word_1_310' title='bbox 450 1782 535 1813; x_wconf 79' lang='lat' dir='ltr'>fides</span> <span class='ocrx_word' id='word_1_311' title='bbox 558 1782 677 1812; x_wconf 86' lang='lat' dir='ltr'>haberi</span> <span class='ocrx_word' id='word_1_312' title='bbox 707 1788 741 1812; x_wconf 90' lang='lat' dir='ltr'>et</span> <span class='ocrx_word' id='word_1_313' title='bbox 774 1786 848 1811; x_wconf 82' lang='lat' dir='ltr'>tota</span> <span class='ocrx_word' id='word_1_314' title='bbox 877 1779 1034 1820; x_wconf 86' lang='lat' dir='ltr'>quaestio</span> <span class='ocrx_word' id='word_1_315' title='bbox 1057 1789 1124 1809; x_wconf 91' lang='lat' dir='ltr'>non</span> <span class='ocrx_word' id='word_1_316' title='bbox 1153 1779 1225 1810; x_wconf 86' lang='lat' dir='ltr'>sine</span> <span class='ocrx_word' id='word_1_317' title='bbox 1254 1789 1316 1819; x_wconf 84' lang='lat' dir='ltr'>spe</span> <span class='ocrx_word' id='word_1_318' title='bbox 1340 1779 1372 1809; x_wconf 94' lang='lat' dir='ltr'>in</span> <span class='ocrx_word' id='word_1_319' title='bbox 1399 1779 1686 1818; x_wconf 89' lang='lat' dir='ltr'>disceptationem</span> <span class='ocrx_word' id='word_1_320' title='bbox 1719 1779 1833 1810; x_wconf 87' lang='lat' dir='ltr'>denuo</span> <span class='ocrx_word' id='word_1_321' title='bbox 1858 1779 1974 1810; x_wconf 90' lang='lat' dir='ltr'>vocari</span> <span class='ocrx_word' id='word_1_322' title='bbox 2001 1779 2123 1819; x_wconf 89' lang='lat' dir='ltr'>possit.</span> 
     </span>
     <span class='ocr_line' id='line_1_28' title="bbox 333 1833 2124 1876; baseline -0.002 -9"><span class='ocrx_word' id='word_1_323' title='bbox 333 1838 399 1868; x_wconf 57' lang='lat' dir='ltr'>¹&lt;ed</span> <span class='ocrx_word' id='word_1_324' title='bbox 424 1848 490 1876; x_wconf 83' lang='lat' dir='ltr'>quo</span> <span class='ocrx_word' id='word_1_325' title='bbox 514 1836 685 1867; x_wconf 76' lang='lat' dir='ltr'>lubentius</span> <span class='ocrx_word' id='word_1_326' title='bbox 709 1836 752 1866; x_wconf 85' lang='lat' dir='ltr'>ad</span> <span class='ocrx_word' id='word_1_327' title='bbox 775 1835 874 1865; x_wconf 87' lang='lat' dir='ltr'>huius</span> <span class='ocrx_word' id='word_1_328' title='bbox 895 1834 967 1870; x_wconf 74' lang='lat' dir='ltr'>viri,</span> <span class='ocrx_word' id='word_1_329' title='bbox 1005 1835 1047 1864; x_wconf 87' lang='lat' dir='ltr'>de</span> <span class='ocrx_word' id='word_1_330' title='bbox 1070 1835 1135 1864; x_wconf 90' lang='lat' dir='ltr'>hac</span> <span class='ocrx_word' id='word_1_331' title='bbox 1160 1845 1196 1865; x_wconf 85' lang='lat' dir='ltr'>re</span> <span class='ocrx_word' id='word_1_332' title='bbox 1221 1834 1351 1874; x_wconf 87' lang='lat' dir='ltr'>optime</span> <span class='ocrx_word' id='word_1_333' title='bbox 1374 1833 1495 1869; x_wconf 89' lang='lat' dir='ltr'>meriti,</span> <span class='ocrx_word' id='word_1_334' title='bbox 1527 1833 1750 1873; x_wconf 85' lang='lat' dir='ltr'>praeconium</span> <span class='ocrx_word' id='word_1_335' title='bbox 1774 1833 1994 1873; x_wconf 75' lang='lat' dir='ltr'>accingimur,</span> <span class='ocrx_word' id='word_1_336' title='bbox 2026 1839 2124 1864; x_wconf 87' lang='lat' dir='ltr'>tanto</span> 
     </span>
     <span class='ocr_line' id='line_1_29' title="bbox 334 1887 2123 1930; baseline -0.002 -8"><span class='ocrx_word' id='word_1_337' title='bbox 334 1892 496 1922; x_wconf 85' lang='lat' dir='ltr'>maiorem</span> <span class='ocrx_word' id='word_1_338' title='bbox 513 1891 728 1921; x_wconf 85' lang='lat' dir='ltr'>mirationem</span> <span class='ocrx_word' id='word_1_339' title='bbox 753 1890 842 1924; x_wconf 82' lang='lat' dir='ltr'>facit.</span> <span class='ocrx_word' id='word_1_340' title='bbox 868 1890 961 1930; x_wconf 90' lang='lat' dir='ltr'>quod</span> <span class='ocrx_word' id='word_1_341' title='bbox 978 1890 1051 1929; x_wconf 87' lang='lat' dir='ltr'>ipse</span> <span class='ocrx_word' id='word_1_342' title='bbox 1076 1895 1145 1919; x_wconf 88' lang='lat' dir='ltr'>tam</span> <span class='ocrx_word' id='word_1_343' title='bbox 1162 1888 1327 1929; x_wconf 85' lang='lat' dir='ltr'>egregiae</span> <span class='ocrx_word' id='word_1_344' title='bbox 1344 1887 1587 1928; x_wconf 88' lang='lat' dir='ltr'>disputationis</span> <span class='ocrx_word' id='word_1_345' title='bbox 1609 1887 1777 1919; x_wconf 84' lang='lat' dir='ltr'>fructibus</span> <span class='ocrx_word' id='word_1_346' title='bbox 1792 1888 1841 1918; x_wconf 92' lang='lat' dir='ltr'>uti</span> <span class='ocrx_word' id='word_1_347' title='bbox 1863 1888 1979 1918; x_wconf 90' lang='lat' dir='ltr'>noluit.</span> <span class='ocrx_word' id='word_1_348' title='bbox 2015 1888 2123 1919; x_wconf 92' lang='lat' dir='ltr'>Immo</span> 
     </span>
     <span class='ocr_line' id='line_1_30' title="bbox 335 1941 2122 1985; baseline -0.002 -9"><span class='ocrx_word' id='word_1_349' title='bbox 335 1946 507 1985; x_wconf 71' lang='lat' dir='ltr'>Bergk-ius</span> <span class='ocrx_word' id='word_1_350' title='bbox 531 1955 667 1985; x_wconf 83' lang='lat' dir='ltr'>quoque</span> <span class='ocrx_word' id='word_1_351' title='bbox 693 1945 725 1974; x_wconf 87' lang='lat' dir='ltr'>in</span> <span class='ocrx_word' id='word_1_352' title='bbox 751 1944 837 1975; x_wconf 81' lang='lat' dir='ltr'>Hist.</span> <span class='ocrx_word' id='word_1_353' title='bbox 862 1944 924 1974; x_wconf 88' lang='lat' dir='ltr'>litt.</span> <span class='ocrx_word' id='word_1_354' title='bbox 951 1942 1073 1975; x_wconf 82' lang='lat' dir='ltr'>Graec,</span> <span class='ocrx_word' id='word_1_355' title='bbox 1098 1943 1138 1978; x_wconf 83' lang='grc' dir='ltr'>ΙΙ,</span> <span class='ocrx_word' id='word_1_356' title='bbox 1162 1943 1219 1974; x_wconf 79' lang='grc'>291</span> <span class='ocrx_word' id='word_1_357' title='bbox 1246 1943 1300 1974; x_wconf 91' lang='lat' dir='ltr'>lin.</span> <span class='ocrx_word' id='word_1_358' title='bbox 1327 1944 1364 1974; x_wconf 83' lang='grc'>16</span> <span class='ocrx_word' id='word_1_359' title='bbox 1388 1943 1520 1977; x_wconf 85' lang='lat' dir='ltr'>eodem,</span> <span class='ocrx_word' id='word_1_360' title='bbox 1549 1953 1618 1982; x_wconf 92' lang='lat' dir='ltr'>quo</span> <span class='ocrx_word' id='word_1_361' title='bbox 1642 1942 1838 1983; x_wconf 88' lang='lat' dir='ltr'>superiores</span> <span class='ocrx_word' id='word_1_362' title='bbox 1861 1942 1908 1972; x_wconf 88' lang='lat' dir='ltr'>illi</span> <span class='ocrx_word' id='word_1_363' title='bbox 1932 1942 2066 1975; x_wconf 84' lang='lat' dir='ltr'>eruditi.</span> <span class='ocrx_word' id='word_1_364' title='bbox 2095 1941 2122 1972; x_wconf 88' lang='lat' dir='ltr'>si</span> 
     </span>
     <span class='ocr_line' id='line_1_31' title="bbox 336 1996 2124 2039; baseline -0.002 -9"><span class='ocrx_word' id='word_1_365' title='bbox 336 2001 387 2031; x_wconf 74' lang='lat' dir='ltr'>fas</span> <span class='ocrx_word' id='word_1_366' title='bbox 412 2008 463 2031; x_wconf 69' lang='lat' dir='ltr'>est</span> <span class='ocrx_word' id='word_1_367' title='bbox 488 2001 610 2033; x_wconf 81' lang='lat' dir='ltr'>dicere.</span> <span class='ocrx_word' id='word_1_368' title='bbox 636 1999 818 2039; x_wconf 84' lang='lat' dir='ltr'>supercilio</span> <span class='ocrx_word' id='word_1_369' title='bbox 842 1998 982 2039; x_wconf 88' lang='lat' dir='ltr'>lyricam</span> <span class='ocrx_word' id='word_1_370' title='bbox 1008 1997 1227 2038; x_wconf 87' lang='lat' dir='ltr'>tragoediam</span> <span class='ocrx_word' id='word_1_371' title='bbox 1252 2007 1295 2028; x_wconf 84' lang='lat' dir='ltr'>ex</span> <span class='ocrx_word' id='word_1_372' title='bbox 1316 1996 1528 2028; x_wconf 87' lang='lat' dir='ltr'>Graecarum</span> <span class='ocrx_word' id='word_1_373' title='bbox 1552 1997 1742 2028; x_wconf 84' lang='lat' dir='ltr'>litterarum</span> <span class='ocrx_word' id='word_1_374' title='bbox 1766 1997 1850 2027; x_wconf 89' lang='lat' dir='ltr'>orbe</span> <span class='ocrx_word' id='word_1_375' title='bbox 1873 1997 2066 2037; x_wconf 88' lang='lat' dir='ltr'>relegatam</span> <span class='ocrx_word' id='word_1_376' title='bbox 2089 2003 2124 2027; x_wconf 85' lang='lat' dir='ltr'>et</span> 
     </span>
     <span class='ocr_line' id='line_1_32' title="bbox 335 2050 2124 2093; baseline -0.002 -8"><span class='ocrx_word' id='word_1_377' title='bbox 335 2056 510 2085; x_wconf 56' lang='lat' dir='ltr'>exclusam</span> <span class='ocrx_word' id='word_1_378' title='bbox 534 2055 614 2086; x_wconf 72' lang='lat' dir='ltr'>volt.</span> <span class='ocrx_word' id='word_1_379' title='bbox 650 2054 721 2084; x_wconf 88' lang='lat' dir='ltr'>Iam</span> <span class='ocrx_word' id='word_1_380' title='bbox 739 2053 843 2093; x_wconf 81' lang='lat' dir='ltr'>igitur</span> <span class='ocrx_word' id='word_1_381' title='bbox 859 2053 999 2093; x_wconf 75' lang='lat' dir='ltr'>Sisyphi</span> <span class='ocrx_word' id='word_1_382' title='bbox 1016 2062 1138 2083; x_wconf 83' lang='lat' dir='ltr'>saxum</span> <span class='ocrx_word' id='word_1_383' title='bbox 1163 2062 1296 2082; x_wconf 89' lang='lat' dir='ltr'>sursum</span> <span class='ocrx_word' id='word_1_384' title='bbox 1317 2062 1434 2082; x_wconf 89' lang='lat' dir='ltr'>rursus</span> <span class='ocrx_word' id='word_1_385' title='bbox 1451 2052 1658 2082; x_wconf 85' lang='lat' dir='ltr'>volvendum</span> <span class='ocrx_word' id='word_1_386' title='bbox 1683 2059 1736 2082; x_wconf 89' lang='lat' dir='ltr'>est</span> <span class='ocrx_word' id='word_1_387' title='bbox 1752 2058 1786 2082; x_wconf 91' lang='lat' dir='ltr'>et</span> <span class='ocrx_word' id='word_1_388' title='bbox 1807 2051 1850 2082; x_wconf 90' lang='lat' dir='ltr'>de</span> <span class='ocrx_word' id='word_1_389' title='bbox 1867 2050 2007 2081; x_wconf 84' lang='lat' dir='ltr'>Pindari</span> <span class='ocrx_word' id='word_1_390' title='bbox 2031 2051 2124 2091; x_wconf 88' lang='lat' dir='ltr'>apud</span> 
     </span>
     <span class='ocr_line' id='line_1_33' title="bbox 335 2104 2122 2147; baseline -0.002 -9"><span class='ocrx_word' id='word_1_391' title='bbox 335 2109 475 2139; x_wconf 61' lang='lat' dir='ltr'>suidam</span> <span class='ocrx_word' id='word_1_392' title='bbox 501 2108 707 2139; x_wconf 84' lang='lat' dir='ltr'>carminibus</span> <span class='ocrx_word' id='word_1_393' title='bbox 730 2107 928 2138; x_wconf 84' lang='lat' dir='ltr'>dramaticis</span> <span class='ocrx_word' id='word_1_394' title='bbox 951 2107 1093 2147; x_wconf 88' lang='lat' dir='ltr'>tragicis</span> <span class='ocrx_word' id='word_1_395' title='bbox 1117 2107 1361 2146; x_wconf 88' lang='lat' dir='ltr'>quaerendum,</span> <span class='ocrx_word' id='word_1_396' title='bbox 1387 2111 1424 2136; x_wconf 91' lang='lat' dir='ltr'>ut</span> <span class='ocrx_word' id='word_1_397' title='bbox 1446 2105 1562 2145; x_wconf 86' lang='lat' dir='ltr'>qualia</span> <span class='ocrx_word' id='word_1_398' title='bbox 1585 2105 1643 2135; x_wconf 92' lang='lat' dir='ltr'>illa</span> <span class='ocrx_word' id='word_1_399' title='bbox 1664 2104 1789 2136; x_wconf 87' lang='lat' dir='ltr'>suerint</span> <span class='ocrx_word' id='word_1_400' title='bbox 1813 2105 1994 2136; x_wconf 85' lang='lat' dir='ltr'>enucleare</span> <span class='ocrx_word' id='word_1_401' title='bbox 2011 2105 2122 2144; x_wconf 85' lang='lat' dir='ltr'>possi·</span> 
     </span>
     <span class='ocr_line' id='line_1_34' title="bbox 335 2159 2122 2202; baseline -0.002 -9"><span class='ocrx_word' id='word_1_402' title='bbox 335 2174 417 2193; x_wconf 72' lang='lat' dir='ltr'>mus.</span> <span class='ocrx_word' id='word_1_403' title='bbox 463 2164 539 2202; x_wconf 71' lang='lat' dir='ltr'>Qua</span> <span class='ocrx_word' id='word_1_404' title='bbox 573 2163 604 2193; x_wconf 92' lang='lat' dir='ltr'>in</span> <span class='ocrx_word' id='word_1_405' title='bbox 630 2173 665 2193; x_wconf 85' lang='lat' dir='ltr'>re</span> <span class='ocrx_word' id='word_1_406' title='bbox 690 2162 878 2201; x_wconf 81' lang='lat' dir='ltr'>Bergkium</span> <span class='ocrx_word' id='word_1_407' title='bbox 905 2161 1134 2202; x_wconf 88' lang='lat' dir='ltr'>potissumum</span> <span class='ocrx_word' id='word_1_408' title='bbox 1170 2162 1291 2192; x_wconf 92' lang='lat' dir='ltr'>ducem</span> <span class='ocrx_word' id='word_1_409' title='bbox 1322 2169 1513 2200; x_wconf 85' lang='lat' dir='ltr'>sequemur.</span> <span class='ocrx_word' id='word_1_410' title='bbox 1559 2159 1676 2190; x_wconf 87' lang='lat' dir='ltr'>Poscit</span> <span class='ocrx_word' id='word_1_411' title='bbox 1705 2166 1818 2191; x_wconf 88' lang='lat' dir='ltr'>autem</span> <span class='ocrx_word' id='word_1_412' title='bbox 1846 2170 1911 2195; x_wconf 68' lang='grc' dir='ltr'>τες,</span> <span class='ocrx_word' id='word_1_413' title='bbox 1946 2166 1982 2190; x_wconf 91' lang='lat' dir='ltr'>ut</span> <span class='ocrx_word' id='word_1_414' title='bbox 2013 2165 2122 2190; x_wconf 87' lang='lat' dir='ltr'>totam</span> 
     </span>
     <span class='ocr_line' id='line_1_35' title="bbox 334 2213 2124 2255; baseline -0.002 -7"><span class='ocrx_word' id='word_1_415' title='bbox 334 2218 513 2248; x_wconf 61' lang='lat' dir='ltr'>mat-»riam</span> <span class='ocrx_word' id='word_1_416' title='bbox 538 2219 650 2247; x_wconf 78' lang='lat' dir='ltr'>denuo</span> <span class='ocrx_word' id='word_1_417' title='bbox 668 2217 892 2253; x_wconf 73' lang='lat' dir='ltr'>excutiamus,</span> <span class='ocrx_word' id='word_1_418' title='bbox 916 2216 1078 2255; x_wconf 89' lang='lat' dir='ltr'>quoniam</span> <span class='ocrx_word' id='word_1_419' title='bbox 1103 2215 1134 2245; x_wconf 91' lang='lat' dir='ltr'>in</span> <span class='ocrx_word' id='word_1_420' title='bbox 1151 2215 1356 2255; x_wconf 83' lang='lat' dir='ltr'>quibusdam</span> <span class='ocrx_word' id='word_1_421' title='bbox 1383 2214 1693 2255; x_wconf 84' lang='lat' dir='ltr'>argumentationis</span> <span class='ocrx_word' id='word_1_422' title='bbox 1709 2214 1955 2244; x_wconf 81' lang='lat' dir='ltr'>subtilitatibus</span> <span class='ocrx_word' id='word_1_423' title='bbox 1978 2224 1998 2244; x_wconf 83' lang='lat' dir='ltr'>a</span> <span class='ocrx_word' id='word_1_424' title='bbox 2014 2213 2124 2253; x_wconf 83' lang='lat' dir='ltr'>Berg—</span> 
     </span>
     <span class='ocr_line' id='line_1_36' title="bbox 332 2271 889 2310; baseline -0.004 -7"><span class='ocrx_word' id='word_1_425' title='bbox 332 2273 390 2303; x_wconf 82' lang='lat' dir='ltr'>kio</span> <span class='ocrx_word' id='word_1_426' title='bbox 417 2273 659 2303; x_wconf 58' lang='lat' dir='ltr'>discedendum</span> <span class='ocrx_word' id='word_1_427' title='bbox 685 2271 889 2310; x_wconf 76' lang='lat' dir='ltr'>putavimus.</span> 
     </span>
    </p>
   </div>
  </div>
 </body>
</html>
