2287 3116
527 413 553 441 4.
599 409 763 439 caussam
787 405 906 436 mutati
929 403 1176 435 Bacchicorum
1200 408 1360 433 cantuum
1383 399 1577 440 argumenti
1600 399 1793 439 profectam
1818 409 1894 431 esse

565 474 583 494 a
608 461 836 493 Doriensibus
859 458 1039 499 Sicyoniis,
1065 456 1122 496 qui
1144 456 1327 496 lugubrem
1351 453 1479 485 Bacchi
1503 454 1631 485 cultum
1653 454 1857 484 muliebrem

754 522 787 545 et
810 513 891 544 viris
913 512 1057 542 fortibus
1079 510 1172 541 haud
1196 509 1280 540 satis
1302 508 1443 548 dignum
1466 508 1666 539 iudicarent.

464 609 656 649 Quaeritur.
681 607 819 647 quando
844 605 983 635 tandem
1007 609 1041 633 et
1063 602 1122 632 ubi
1145 607 1314 632 terrarum
1337 601 1424 630 haec
1445 600 1632 630 carminum
1653 600 1897 631 bacchicorum
1921 611 1983 631 seu
1998 600 2104 641 tragi-

316 675 431 697 corum
456 664 597 694 mutatio
619 662 711 693 facta
734 661 786 698 sit,
811 668 878 699 qua
900 659 967 688 hoc
990 656 1151 688 effectum
1175 661 1236 694 est,
1259 662 1296 685 ut
1319 663 1384 694 pro
1405 653 1620 694 argumentis
1643 663 1737 685 mere
1759 655 1933 686 bacchicis
1955 655 2102 686 heroum

318 719 387 749 fata
421 718 713 748 substituerentur.
759 713 836 743 Hoc
869 720 1006 751 quoque
1040 709 1193 749 egregiis
1225 719 1270 739 ex
1301 708 1507 748 antiquitate
1538 707 1742 738 testimoniis
1774 708 1947 739 inlustrari
1980 714 2107 748 potest.

317 771 516 803 Mutationis
541 771 612 801 eius
635 769 728 799 initia
751 777 771 796 a
787 765 1015 797 Doriensibus
1031 763 1202 803 Sicyoniis
1225 762 1319 794 facta
1342 768 1431 792 sunt.
1466 761 1618 801 Sicyone
1633 761 1761 792 Bacchi
1783 763 1895 793 cultus
1911 762 2107 803 antiquissi-

316 827 378 856 mis
402 827 467 855 iam
492 830 570 854 ante
595 823 726 853 Dorum
750 821 935 851 adventum
959 817 1174 858 temporibus
1197 816 1322 848 floruit.
1356 816 1586 847 Resonabant
1602 814 1753 856 Sicyone
1776 822 1935 855 tempore
1950 817 2106 850 hiberno.

315 889 390 910 cum
420 879 494 918 ipsa
517 883 638 907 natura
672 876 716 905 ad
746 876 871 905 luctum
903 872 1060 903 homines
1094 872 1224 907 invitat,
1255 871 1421 911 lugubres
1443 870 1490 900 illi
1520 870 1703 900 chororum
1732 870 1944 910 tragicorum
1975 877 2107 906 cantus,

316 932 438 972 quibus
461 931 617 961 Bacchus
640 939 725 968 puer
748 929 792 958 ab
813 926 1018 957 immanibus
1041 926 1198 957 hostibus
1222 928 1340 964 (atque
1363 924 1506 954 Titanes
1529 934 1590 954 eos
1613 933 1711 960 voco,
1735 923 1879 964 quiquid
1901 930 2023 955 contra
2040 925 2106 956 Lo-

317 986 460 1016 beckius
483 984 575 1021 dicit)
599 983 792 1022 discerptus
815 982 1010 1021 lugebatur.
1055 981 1184 1010 Verum
1207 980 1272 1010 hoc
1295 977 1580 1009 lamentationum
1604 983 1638 1009 et
1661 978 1859 1018 planctuum
1882 988 1994 1018 genus
2016 978 2108 1018 prin-

318 1040 449 1079 cipibus
463 1037 694 1076 Doriensium,
721 1045 931 1067 summorum
955 1035 988 1065 in
1011 1034 1164 1065 moribus
1187 1034 1311 1064 civium
1334 1031 1508 1072 fingendis
1531 1037 1565 1062 et
1587 1032 1775 1063 educandis
1797 1031 1975 1073 artificum,
1998 1033 2108 1065 minus

316 1094 406 1129 utile,
432 1093 534 1122 immo
550 1091 725 1126 muliebre,
749 1101 812 1121 nec
829 1090 913 1120 satis
926 1089 1008 1120 viris
1031 1088 1179 1119 fortibus
1203 1088 1367 1119 decorum
1384 1087 1494 1118 visum
1517 1092 1578 1118 est.
1613 1087 1691 1117 Tali
1707 1087 1800 1118 luctu
1823 1087 1956 1118 animos
1971 1087 2108 1127 penitus

317 1157 399 1177 sane
430 1145 646 1180 commoveri,
675 1154 849 1176 sacrorum
873 1144 1063 1184 participes
1091 1148 1192 1174 extra
1216 1153 1254 1173 se
1278 1141 1368 1180 ferri,
1391 1142 1454 1173 sed
1482 1151 1596 1172 mores
1619 1147 1654 1172 et
1678 1142 1869 1172 animorum
1898 1143 2003 1173 robur
2026 1143 2108 1174 nihil

317 1200 537 1231 emolumenti
560 1209 685 1239 capere
702 1199 902 1230 rectissume
927 1197 1231 1229 ratiocinabantur.
1269 1196 1342 1227 Iam
1364 1196 1471 1236 igitur
1492 1196 1608 1227 Dores
1632 1196 1666 1226 in
1680 1196 1808 1227 Bacchi
1831 1197 1943 1228 locum
1965 1198 2108 1228 heroem

315 1254 427 1288 alium,
455 1253 517 1283 sibi
541 1253 806 1283 dilectissumum
831 1257 864 1282 et
888 1250 1132 1282 dominationis
1162 1260 1245 1281 suae
1268 1256 1462 1290 patronum,
1486 1251 1688 1286 Adrastum,
1721 1251 1982 1283 substituerunt.
2026 1251 2110 1283 Eius

314 1318 381 1338 non
405 1307 477 1337 fata
499 1307 609 1337 solum
633 1312 667 1337 et
683 1306 878 1341 certamina,
903 1306 966 1336 sed
989 1306 1125 1345 culpam
1149 1305 1252 1337 etiam
1275 1305 1390 1345 poetis
1413 1305 1569 1336 canenda
1591 1305 1885 1341 commendarunt,
1909 1311 1944 1336 et
1966 1305 2035 1336 leni
2050 1305 2109 1336 illa

315 1362 463 1401 quidem,
498 1362 559 1392 sed
583 1360 814 1400 insuperabili.
848 1360 960 1400 qualis
994 1359 1057 1390 fuit
1084 1359 1117 1390 in
1141 1359 1382 1395 Doriensibus,
1414 1359 1446 1389 vi
1474 1359 1694 1399 propositum
1724 1369 1822 1390 suum
1851 1359 1989 1390 executi
2021 1366 2108 1391 sunt.

316 1415 449 1445 Prodiit
467 1415 651 1454 Epigenes
676 1413 732 1453 qui
747 1414 876 1453 primus
892 1423 1019 1444 novom
1033 1414 1101 1445 hoc
1116 1413 1304 1445 carminum
1319 1422 1431 1453 genus
1447 1412 1605 1443 felicibus
1620 1413 1782 1452 auspiciis
1805 1412 1929 1444 ceteris
1944 1413 2108 1453 propina-

315 1470 372 1500 vit.
396 1469 453 1499 Ab
469 1469 624 1509 Epigene
637 1468 820 1509 tragoedia
832 1468 948 1508 lyrica,
966 1467 1188 1498 histrionibus
1201 1478 1332 1503 carens,
1347 1473 1424 1498 orta
1437 1473 1502 1502 est;
1523 1474 1627 1507 atque
1638 1468 1716 1507 plus
1732 1468 1837 1498 etiam
1850 1467 1966 1499 dicere
1977 1467 2106 1508 possis:

315 1523 497 1564 tragoedia
521 1523 666 1554 omnino.
705 1523 793 1553 Nam
811 1522 1003 1563 tragoedia,
1028 1532 1118 1562 quae
1134 1522 1274 1562 quidem
1290 1532 1373 1553 vere
1395 1522 1444 1553 ita
1464 1522 1608 1556 dicatur.
1630 1529 1710 1552 tunc
1727 1523 1864 1552 demum
1887 1522 1969 1552 oriri
1986 1521 2108 1562 potuit,

315 1588 390 1608 cum
414 1585 534 1608 cantus
558 1577 604 1607 illi
628 1588 648 1608 a
671 1577 810 1607 Baccho
835 1577 936 1607 soluti
959 1577 1003 1607 ad
1026 1577 1169 1608 heroum
1194 1576 1267 1607 fata
1290 1576 1468 1607 transferri
1491 1576 1607 1616 coepti
1630 1583 1755 1608 essent.

463 1631 594 1662 Harum
618 1641 740 1666 rerum,
776 1641 862 1671 quas
886 1631 1121 1671 exposuimus,
1155 1631 1353 1661 testimonia
1375 1631 1407 1661 in
1431 1636 1593 1671 promptu
1625 1636 1703 1661 sunt
1726 1631 1819 1661 haud
1842 1629 1890 1661 ita
1912 1641 2024 1670 pauca
2045 1640 2110 1662 nec

315 1686 411 1717 levia.
455 1685 655 1716 Herodotus
678 1686 707 1724 5,
731 1685 769 1715 67
794 1684 907 1715 Dores
934 1685 979 1714 ad
1004 1685 1195 1715 Adrastum
1223 1695 1244 1715 a
1266 1685 1405 1716 Baccho
1429 1686 1556 1716 choros
1589 1685 1744 1725 tragicos
1767 1685 1985 1716 transtulisse
2015 1685 2109 1715 haud

316 1741 418 1771 dubie
453 1746 607 1771 testatur.
652 1739 745 1770 Dicit
773 1739 873 1774 enim,
908 1739 1118 1771 Clisthenem
1141 1739 1282 1771 Baccho
1317 1741 1440 1771 choros
1475 1741 1630 1780 tragicos
1658 1740 1861 1776 reddidisse,
1895 1749 1973 1771 cum
2005 1745 2109 1770 antea

318 1795 460 1825 Adrasti
483 1794 663 1834 passiones
689 1794 799 1831 (πάθη)
823 1793 918 1824 chori
943 1793 990 1823 illi
1013 1803 1138 1824 canere
1163 1794 1254 1825 soliti
1278 1801 1404 1826 essent.
1443 1794 1573 1826 Herod.
1589 1795 1610 1825 1.
1627 1805 1652 1825 s.
1675 1795 1705 1826 οἱ
1721 1795 1889 1826 Σικυώνιοι
1911 1795 2028 1832 ἐτίμων
2051 1795 2108 1826 τὸν

315 1850 501 1886 Ἄδρηστον,
531 1849 581 1879 καὶ
608 1849 646 1886 δὴ
674 1849 755 1886 πρὸς
784 1849 823 1879 τὰ
845 1848 950 1879 πάθεα
973 1848 1075 1879 αὐτοῦ
1097 1851 1276 1887 τραγικοῖσι
1299 1851 1425 1887 χοροῖσι
1447 1849 1625 1887 ἐγέραιρον,
1655 1849 1712 1880 τὸν
1736 1850 1792 1886 μὲν
1815 1849 1981 1880 Διόνυσον
2003 1848 2042 1880 οὐ
2065 1859 2108 1879 τι-

316 1904 455 1941 ιιέοντες,
478 1904 534 1934 τὸν
557 1904 591 1934 δὲ
615 1903 808 1940 Ἄδρηστον.
842 1903 1034 1941 Κλεισθένης
1057 1904 1091 1934 δὲ
1115 1905 1236 1942 χοροὺς
1253 1905 1310 1942 μὲν
1332 1907 1376 1945 τῷ
1389 1904 1546 1944 Διονύσῳ
1565 1903 1720 1935 ἀπέδωκε.
1754 1903 1810 1934 De
1822 1903 1980 1943 Epigene
2002 1908 2109 1942 poeta

315 1957 488 1997 Sicyonio,
522 1958 578 1997 qui
608 1964 727 1987 sextus
756 1957 909 1987 decimus
937 1963 1018 1988 ante
1042 1957 1263 1997 Thespidem.
1286 1958 1351 1988 hoc
1375 1964 1427 1988 est
1452 1957 1603 1988 sedecim
1627 1957 1800 1988 aetatibus
1822 1957 1999 1996 Thespide
2021 1957 2108 1987 anti·

314 2012 412 2051 quior
434 2012 687 2043 numerabatur.
715 2012 801 2041 haec
829 2011 1023 2042 traduntur:
1057 2011 1203 2042 Photius
1231 2013 1264 2042 in
1287 2012 1418 2043 Lexico
1443 2013 1505 2043 vol.
1529 2012 1572 2046 II,
1596 2013 1636 2043 35
1660 2012 1714 2042 ed.
1737 2011 1868 2042 Naber:
1904 2011 2002 2043 οὐδὲν
2024 2012 2106 2050 πρὸς

316 2068 370 2097 τὸν
394 2067 572 2096 Διόνυσον·
598 2066 783 2104 Ἐπιγένους
812 2067 869 2097 τοῦ
886 2066 1062 2097 Σικυωνίου
1084 2067 1266 2107 τραγῳδίαν
1290 2067 1336 2105 εἰς
1359 2066 1457 2098 αὐτὸν
1487 2064 1542 2103 [O.
1565 2065 1762 2099 Muellerus,
1787 2065 1946 2097 Doriens.
1967 2065 2023 2099 11².
2046 2066 2109 2097 360

317 2127 384 2149 not.
409 2120 551 2158 palmari
577 2119 832 2149 emendatione:
857 2119 903 2157 εἰς
927 2119 1129 2160 Ἄδραστον]
1156 2121 1357 2159 ποιήσαντος
1381 2120 1601 2159 ἑπεφώνησάν
1624 2130 1709 2158 τινες
1732 2121 1842 2151 τοῦτο·
1866 2120 1942 2151 ὅθεν
1962 2119 1981 2157 ἡ
1997 2130 2108 2158 παροι·

318 2175 376 2204 ιιία.
418 2173 607 2213 Epigenem
622 2173 806 2213 Thespidis
830 2183 999 2213 proavom
1020 2174 1170 2205 sedecim
1195 2175 1368 2205 aetatibus
1392 2175 1557 2205 maiorem
1582 2173 1839 2209 fuisse,Suidas
1862 2181 2011 2205 testatur
2035 2184 2060 2204 s.
2075 2184 2106 2205 v.

317 2229 437 2266 Θέσπις
457 2228 588 2265 Ἰκαρίου
610 2229 736 2265 πόλεως
754 2227 903 2266 Ἀττικῆς,
928 2229 1076 2267 τραγικὸς
1093 2229 1317 2268 ἑκκαιδέκατος
1334 2229 1398 2261 ἀπὸ
1420 2231 1478 2261 τοῦ
1501 2229 1631 2267 πρώτου
1654 2229 1830 2267 γενομένου
1853 2228 2110 2268 τραγῳδιοποιοῦ

320 2283 502 2320 Ἐπιγένους
525 2284 582 2313 τοῦ
605 2283 779 2313 Σικυωνίου
803 2283 975 2320 τιθέμενος.
1022 2282 1098 2313 Hoc
1122 2289 1304 2314 stemmate
1328 2289 1427 2314 aetas
1450 2282 1616 2323 Epigenis
1643 2283 1688 2312 ad
1711 2288 1880 2321 tempora,
1905 2291 1973 2321 quo
1998 2280 2106 2311 Hera·

318 2337 426 2365 clidat:
452 2337 483 2366 in
497 2336 693 2376 sicyoniam
718 2336 863 2375 primum
888 2337 1100 2367 advenerunt
1124 2337 1240 2377 (Faus.
1259 2338 1287 2373 2.
1301 2338 1329 2371 6.
1347 2337 1389 2376 7),
1411 2343 1532 2377 aperte
1555 2335 1703 2367 reicitur.
1747 2335 1864 2367 Simile
1888 2342 1941 2366 est
1964 2334 2107 2365 Homeri

321 2398 463 2420 stemma
488 2391 518 2419 in
541 2390 726 2421 certamine
751 2390 889 2421 Homeri
915 2397 947 2420 et
971 2390 1127 2431 Hesiodi,
1151 2391 1408 2422 XVestermanni
1431 2390 1546 2431 Biogr.
1570 2391 1664 2430 9353.
1689 2399 1757 2429 quo
1782 2389 1955 2419 Homerus
1978 2398 1998 2418 a
2021 2387 2108 2418 Lino

318 2445 426 2483 gradu
457 2451 579 2483 quarto
610 2444 743 2474 decimo
772 2444 935 2474 oriundus
965 2445 1097 2476 dicitur.
1138 2445 1179 2477 cf.
1208 2445 1384 2481 welcker,
1413 2446 1467 2476 die
1495 2445 1740 2476 Griecliischen
1769 2444 1874 2483 Trag.
1898 2443 1946 2473 111
1969 2453 2001 2482 p.
2021 2443 2108 2473 1294.
