2287 3116
1064 265 1081 293 ἴ)

173 363 205 393 11
228 367 247 401 ς’
269 365 303 393 12
328 373 358 402 p.
380 364 424 397 14.
448 364 482 393 15
509 363 628 392 Klotz:
658 363 738 400 Δηὼ
767 363 801 393 δὲ
831 363 880 393 καὶ
905 362 988 400 Κόρη
1015 363 1120 399 δρᾶμα
1144 362 1202 399 ἠδη
1228 363 1403 400 ἐγενέσθην
1428 363 1592 399 μυστικόν·
1617 365 1667 394 καὶ
1691 365 1747 401 τὴν
1772 364 1896 402 πλάνην
1921 365 1970 394 καὶ

173 418 231 455 τὴν
255 418 401 455 ἁρπαγὴν
424 418 474 448 καὶ
498 417 534 448 τὸ
556 417 674 454 πένθος
703 417 815 447 αὐταῖν
838 416 982 454 Ἐλευσὶς
1011 418 1169 455 δᾳδουχεῑ.
1215 416 1304 455 Ipsis
1332 417 1456 446 deinde
1484 417 1665 447 chororum
1689 418 1846 448 cantibus
1874 419 1971 448 “dru-

174 469 321 501 matum''
346 481 469 501 nomen
493 471 644 500 inditum.
678 470 774 500 Haec
794 471 951 500 dramata
977 470 1242 509 apertissumum
1267 477 1319 501 est
1344 471 1440 510 lyrici
1456 471 1595 510 generis
1615 471 1719 502 fuisse
1737 482 1847 511 nequi·
1865 473 1969 502 ullum

173 526 206 555 in
237 525 285 555 eis
310 526 363 555 vel
394 525 523 565 dialogi
556 526 610 554 vel
637 524 839 555 histrionum
869 534 965 554 usum
1001 534 1077 555 esse
1101 525 1264 564 potuisse.
1311 525 1396 555 Tale
1424 526 1697 565 antiquissimum
1724 527 1843 556 drama
1873 527 1972 556 nobis

173 579 338 610 describit
371 579 585 613 Athenaeus,
617 580 670 609 vel
701 579 893 609 Aristocles
922 579 1037 618 potius
1065 580 1157 618 apud
1190 580 1425 609 Athenaeum:
1464 580 1499 610 ἐν
1528 580 1635 620 ὀγδόῳ
1663 582 1726 611 τῶν
1755 582 1826 619 περὶ
1856 583 1970 619 χορῶν,

175 633 301 664 Athen.
329 635 374 667 14.
398 635 469 671 630,
494 633 520 664 C
547 635 726 671 συνέστηκε
757 635 791 664 δὲ
827 635 877 664 καὶ
900 635 1052 672 σατυρικὴ
1083 635 1173 664 πᾶσα
1200 634 1328 672 ποίησις
1356 635 1393 665 τὸ
1423 635 1560 665 παλαιὸν
1589 636 1622 666 ἐκ
1650 637 1764 672 χορῶν,
1794 636 1839 673 ὼς
1871 637 1920 666 καὶ
1953 636 1970 672 ἡ

173 688 248 719 τότε
273 688 449 728 τραγῳδία·
474 688 586 726 διόπερ
611 688 686 719 οὐδὲ
711 688 882 726 ὑποκριτὰς
906 688 1002 725 εἶχον.

383 868 410 897 3.
456 866 656 906 Lyricarum
681 866 941 905 tragoediarum
964 867 1030 896 hoc
1053 867 1279 906 potissumum
1304 868 1482 907 proprium
1507 874 1568 901 est.
1595 875 1630 898 ut
1655 869 1687 898 in
1711 869 1759 899 eis

471 930 534 960 pro
558 920 685 950 Bacchi
708 920 927 959 passionibus
949 921 1063 959 (πάθη)
1086 922 1229 952 heroum
1253 922 1284 951 in
1311 921 1470 953 fortunae
1493 924 1672 962 palaestra

686 973 820 1004 fortiter
843 975 1076 1005 dimicantium
1101 975 1174 1005 fata
1197 976 1457 1008 substituantur.

329 1075 400 1105 lam
429 1074 533 1114 igitur
556 1074 583 1104 si
608 1075 728 1105 oculos
757 1081 849 1105 retro
871 1075 1058 1114 paullisper
1082 1081 1265 1111 vertamus,
1297 1078 1448 1108 nascitur
1472 1079 1643 1117 quaedam
1673 1084 1707 1108 et
1730 1079 1876 1118 emergit
1905 1079 1971 1108 iam

173 1129 303 1169 lyricae
335 1129 538 1169 tragoediae
569 1129 694 1168 imago.
740 1129 811 1159 Nec.
845 1130 1015 1167 δραμάτων
1047 1132 1203 1168 τραγικῶν
1231 1130 1331 1161 inane
1355 1137 1486 1162 tanturn
1509 1142 1631 1162 nomen
1655 1132 1819 1162 traditum
1848 1133 1971 1172 accipi-

175 1195 259 1219 mu5‚
288 1185 350 1214 sed
371 1184 485 1223 qualia
508 1183 566 1213 illa
590 1183 715 1213 fuerint
744 1183 847 1213 etiam
871 1184 1065 1213 adumbrari
1097 1184 1194 1214 lineis
1218 1186 1389 1215 nonnullis
1412 1186 1479 1216 iam
1502 1187 1627 1218 licebit.
1673 1186 1752 1226 Qua
1782 1187 1815 1217 in
1839 1198 1875 1218 re
1907 1198 1971 1227 pro

174 1238 351 1268 Ariadnae
374 1237 443 1268 filio
466 1238 566 1268 nobis
590 1238 654 1268 erit
677 1238 835 1268 carminis
852 1238 972 1268 Nemei
988 1238 1051 1269 IX.
1075 1248 1156 1277 pars
1180 1239 1340 1278 mythiea.
1380 1240 1598 1281 Intellegitur
1621 1252 1666 1271 ex
1689 1242 1787 1271 huius
1811 1242 1972 1272 carminis

173 1293 436 1333 compositione,
461 1302 563 1322 unam
581 1302 658 1322 esse
674 1302 756 1325 rem,
779 1302 869 1331 quae
888 1293 1068 1331 plurimum
1085 1292 1190 1323 faciat
1215 1294 1260 1323 ad
1279 1304 1397 1325 eorum
1419 1295 1612 1326 dramatum
1630 1301 1787 1326 naturam
1812 1302 1845 1326 et
1862 1302 1971 1326 artem

174 1353 268 1378 recte
299 1346 539 1378 definiendam.
587 1347 768 1376 C'cnnmlnr
797 1345 833 1375 [ἠ
865 1345 921 1376 ln‘s
950 1345 1160 1376 camm‘m'bzm
1190 1347 1338 1384 hermem,
1374 1359 1440 1378 mm
1476 1348 1587 1389 Ipsius
1609 1348 1738 1379 Bacchi
1756 1349 1851 1390 sala
1896 1351 1971 1380 Non

174 1401 333 1432 Bacchus
357 1407 418 1437 est,
444 1401 530 1431 sicut
553 1401 586 1431 in
603 1401 841 1441 dithyrambis
865 1411 966 1440 quem
984 1401 1077 1431 chori
1099 1401 1145 1431 illi
1169 1402 1201 1431 in
1223 1402 1456 1441 pulcherrimo
1473 1404 1644 1443 pueritiae
1667 1403 1752 1434 flore
1770 1405 1969 1437 extinctum.

176 1457 220 1485 ab
244 1456 448 1486 immanibus
469 1456 625 1486 hostibus
649 1455 808 1487 vinctum.
842 1460 1017 1491 vexatum,
1047 1455 1079 1485 in
1103 1455 1213 1486 frusta
1236 1456 1446 1494 discerptum
1470 1455 1591 1494 lugent
1623 1461 1657 1485 et
1681 1455 1830 1494 querelis
1854 1465 1971 1494 prose-

175 1515 334 1549 quuntur,
365 1510 427 1539 sed
455 1510 599 1539 heroum
624 1509 669 1539 illi
693 1519 874 1539 aerumnas
899 1515 1033 1544 canunt,
1064 1510 1213 1539 humana
1235 1509 1432 1539 humanitus
1456 1508 1684 1540 tolerantium.
1729 1508 1852 1548 Itaque
1886 1509 1973 1540 inter

174 1565 277 1594 ambo
300 1564 358 1593 illa
384 1564 572 1594 carminum
595 1573 735 1603 genera,
760 1563 1000 1603 dithyrambos
1024 1569 1057 1593 et
1081 1563 1285 1603 tragoedias
1308 1562 1446 1602 lyricas,
1479 1568 1513 1592 et
1534 1563 1686 1593 maxima
1711 1569 1763 1594 est
1786 1563 1972 1594 similitudo

175 1623 209 1648 et
233 1628 364 1648 summa
398 1628 514 1647 rursus
541 1617 792 1648 dissimilitudo.
837 1617 988 1647 Primum
1012 1618 1076 1647 hoc
1099 1618 1269 1648 ambobus
1294 1627 1474 1647 commune
1499 1623 1559 1652 est,
1592 1618 1687 1656 quod
1711 1617 1743 1647 in
1767 1617 1972 1658 lugubribus

174 1672 255 1703 fatis
279 1673 482 1703 dilectorum
507 1673 571 1702 sibi
593 1673 767 1702 numinum
790 1672 998 1711 plangendis
1015 1672 1203 1711 participes
1228 1681 1403 1702 sacrorum
1427 1677 1520 1701 totos
1544 1682 1581 1701 se
1597 1671 1820 1711 profundunt,
1846 1672 1971 1702 intimis

173 1726 388 1766 praecordiis
404 1727 645 1766 percelluntur,
669 1727 762 1765 quod
779 1736 845 1755 una
861 1736 938 1756 cum
958 1725 1079 1756 divinis
1096 1726 1161 1756 illis
1177 1726 1462 1765 praecursoribus
1481 1726 1668 1756 cruciatum
1686 1732 1720 1756 et
1738 1727 1878 1757 dolores
1895 1733 1970 1757 toto

174 1787 318 1821 pectore
342 1781 518 1820 recipiunt,
551 1781 698 1820 denique
721 1781 815 1820 quod
838 1781 974 1810 illorum
997 1780 1095 1820 quasi
1118 1780 1228 1811 vicem
1252 1786 1410 1810 extrema
1433 1780 1607 1819 patiuntur
1631 1786 1664 1810 et
1693 1781 1737 1810 ad
1760 1786 1907 1811 mortem
1933 1791 1970 1811 se

174 1835 280 1875 plecti
309 1834 454 1874 fingunt.
499 1835 570 1865 Sed
604 1845 767 1864 maxuma
796 1835 898 1864 etiam
931 1841 984 1864 est
1018 1836 1197 1865 amborum
1229 1835 1481 1869 dissimilitudo,
1517 1840 1550 1864 et
1580 1835 1696 1865 hercle
1729 1835 1970 1865 dissimilitudo

174 1889 415 1929 pulcherrima,
441 1899 543 1928 quam
560 1889 588 1918 si
612 1888 763 1918 funditus
779 1888 968 1928 cogitando
986 1888 1240 1923 exhauriamus,
1266 1890 1342 1919 sola
1359 1889 1425 1918 iam
1444 1888 1657 1919 Graecorum
1682 1889 1811 1929 populo
1834 1889 1971 1919 immor-

176 1944 345 1974 talitatem
370 1953 494 1983 parere
518 1943 636 1982 possit.
675 1943 712 1973 In
737 1943 965 1982 dithyrambis
988 1943 1146 1973 Bacchus
1170 1950 1223 1973 est
1247 1944 1418 1982 puerulus,
1444 1943 1501 1982 qui
1526 1949 1683 1973 extrema
1707 1944 1846 1982 patitur,
1872 1943 1928 1983 qui
1952 1955 1970 1973 a

175 1998 356 2028 Titanibus
379 1997 592 2036 discerpitur,
636 2007 722 2036 puer
745 1997 880 2027 divinus
909 2004 941 2027 et
966 1997 1057 2027 omni
1080 2007 1194 2027 noxae
1225 1998 1327 2036 culpa
1350 1997 1445 2032 liber,
1477 1998 1569 2027 nulla
1593 1998 1637 2027 ad
1660 1997 1914 2036 confligendum
1939 1998 1972 2027 vi

176 2052 340 2090 firmatus,
363 2053 421 2092 qui
443 2052 742 2082 innocentissimae
758 2052 893 2081 hostiae
915 2052 1021 2081 instar
1040 2056 1218 2081 mactatur.
1256 2052 1293 2081 In
1319 2051 1501 2091 tragoedia
1517 2051 1625 2091 lyrica
1642 2052 1746 2082 heros
1763 2052 1889 2091 prodit,
1910 2062 1971 2092 ge-

176 2107 268 2138 neris
290 2107 428 2137 humani
444 2107 554 2137 vicem
571 2106 752 2140 sustinens,
777 2106 833 2145 qui
850 2106 980 2135 viribus
1005 2111 1038 2135 et
1062 2107 1189 2136 robore
1203 2116 1314 2145 paene
1331 2116 1435 2145 supra
1451 2107 1635 2136 humanum
1660 2106 1800 2136 modum
1815 2106 1969 2136 firmatus

176 2168 210 2192 et
238 2161 348 2192 fidens
382 2161 541 2192 fortunae
570 2162 657 2192 ictus
680 2171 871 2201 provocare
895 2161 1040 2190 videtur.
1085 2160 1128 2190 Et
1158 2167 1210 2191 est
1238 2171 1321 2191 sane
1346 2160 1378 2190 in
1404 2170 1455 2195 e0,
1489 2161 1584 2199 quod
1605 2160 1777 2190 fortunam
1800 2161 1967 2191 lacessat:

176 2217 300 2255 culpae
322 2216 428 2246 notio.
473 2216 560 2246 Nam
592 2216 658 2246 hoc
681 2216 859 2255 proprium
888 2221 941 2245 est
963 2216 1116 2253 heroum,
1147 2213 1203 2253 qui
1233 2215 1375 2244 deorum
1399 2214 1538 2253 quidem
1562 2215 1702 2245 suboles
1726 2220 1812 2249 sunt,
1852 2216 1914 2245 sed
1939 2216 1971 2245 in

176 2271 302 2310 quibus
325 2271 464 2301 humani
488 2271 667 2311 sanguinis
689 2277 791 2311 gutta
815 2277 875 2301 est.
899 2276 936 2300 ut
958 2271 990 2300 in
1015 2280 1146 2300 summa
1171 2279 1289 2298 eorum
1311 2268 1438 2298 virtute
1461 2269 1564 2308 culpa
1587 2269 1704 2300 lateat.
1744 2268 1843 2299 Hanc
1866 2269 1970 2300 luunt.

177 2325 250 2356 Sed
267 2335 385 2355 eorum
419 2325 575 2356 interitus
599 2326 833 2365 spectaculum
857 2331 909 2355 est
926 2325 1068 2355 deorum
1093 2324 1200 2354 oculis
1218 2324 1368 2363 dignum.
1406 2323 1457 2353 Ibi
1476 2333 1545 2353 non
1567 2333 1654 2363 puer
1670 2323 1970 2354 innocentissimus

176 2385 357 2414 mactatur*
381 2380 443 2410 sed
459 2380 657 2410 exardescit
680 2385 863 2413 certamen,
888 2389 956 2418 quo
979 2379 1107 2409 nullum
1126 2378 1301 2418 pulchrius
1325 2383 1386 2410 est.
1411 2388 1479 2417 quo
1497 2388 1587 2417 quae
1608 2378 1641 2408 in
1665 2378 1824 2408 universo
1842 2379 1970 2407 mundo

176 2434 365 2464 celsissima
388 2440 474 2469 sunt,
499 2435 587 2465 inter
610 2444 647 2465 se
671 2433 875 2474 confligunt:
899 2433 1139 2473 providentiae
1163 2433 1298 2463 divinae
1320 2433 1378 2462 lex
1402 2442 1477 2462 cum
1495 2432 1621 2462 virtute
1644 2432 1792 2461 humana
1815 2432 1972 2461 nondum

178 2494 401 2528 perpurgata,
426 2489 488 2519 sed
511 2489 576 2519 hoc
601 2488 676 2528 ipso
701 2489 887 2519 certamine
911 2488 1166 2528 perpurganda.
