2287 3116
1065 263 1104 293 223

183 359 221 390 ἐν
250 359 285 389 δὲ
308 361 346 397 τῇ
375 358 410 389 ἐν
432 359 567 390 Σικυῶνι
590 359 763 399 ἀναγραφῇ
786 361 823 399 τῇ
848 360 919 398 περὶ
943 361 1009 390 τῶν
1039 360 1179 396 ποιητῶν
1205 360 1327 398 Κλονᾶς
1357 361 1488 400 εὑρετὴς
1516 362 1753 400 ἀναγέγραπται
1784 365 1841 395 τοῦ
1869 364 1979 402 Τριμε-

183 423 261 451 ρους
284 423 393 450 νομου.

281 555 329 585 23.
375 554 549 594 Tempora
572 554 746 594 quomodo
773 554 806 584 in
831 554 889 585 illa
911 555 1114 595 anagrapha
1137 561 1338 596 computata
1361 556 1437 586 sint.
1483 556 1650 597 Epigenis
1673 564 1772 589 aetas
1795 560 1887 598 quod

403 608 447 638 ad
472 607 737 638 Heraclidarum
761 608 794 639 in
820 607 1019 649 Sicyoniam
1042 610 1228 640 adventum
1252 615 1445 650 revocatur,
1469 611 1678 642 documento
1703 618 1764 647 est,

492 661 658 702 Epigenis
681 663 886 702 tragoediae
909 663 1100 694 Dorienses
1124 669 1284 695 auctores
1308 670 1342 695 et
1365 670 1531 704 patronos
1555 665 1669 697 fuisse.

332 755 457 785 Narrat
483 761 667 794 praeterea
683 755 900 791 Plutarchus,
925 755 956 786 in
981 757 1185 796 anagrapha
1201 755 1364 795 Sicyonia
1387 766 1500 787 rerum
1524 758 1797 789 memorabilium
1823 765 1980 800 tempora

182 815 384 849 computata
406 819 484 839 esse
508 810 694 840 secundum
712 809 902 840 Heresides
918 809 1088 850 Argivas3
1111 811 1176 841 hoc
1199 810 1287 841 enim
1311 810 1399 841 inest
1423 811 1455 840 in
1480 810 1595 841 verbis
1611 811 1787 843 Plutarchi
1812 814 1855 843 de
1872 814 1981 844 Hera-

186 864 284 894 clidis
307 863 441 894 Pontici
464 864 562 897 libro.
587 864 630 894 de
653 863 740 894 Mus.
763 865 798 894 3:
826 866 995 896 πιστοῦται
1017 865 1051 896 δὲ
1074 867 1171 896 τοῦτο
1195 865 1229 896 ἐκ
1251 866 1308 903 τῆς
1333 864 1525 904 ἀναγραφῆς
1604 866 1642 897 δι’
1664 866 1703 905 ἧς
1725 867 1783 906 τάς
1807 878 1840 899 τε
1864 868 1982 908 ἱερείας

182 919 241 957 τὰς
264 919 299 950 ἑν
315 918 425 957 Ἄργει
448 919 498 950 καὶ
521 919 597 956 τοὺς
621 919 756 956 ποιητὰς
780 919 830 949 καὶ
846 919 921 957 τοὺς
945 920 1121 958 μουσικοὺς
1144 920 1302 958 ὀνομάζει.
1333 920 1431 951 Haec
1454 931 1593 961 quoque
1609 932 1664 953 res
1688 923 1895 954 documento
1919 930 1981 964 est,

182 974 270 1004 hanc
303 973 541 1012 anagrapham
574 982 643 1002 non
666 982 711 1002 ex
735 973 948 1003 eruditorum
972 972 1110 1004 officina
1132 974 1301 1014 prodisse,
1334 976 1396 1006 sed
1420 983 1677 1006 monumentum
1710 977 1816 1008 fuisse
1843 979 1981 1018 publica

180 1027 389 1058 auctoritate
412 1027 596 1057 conditum.
641 1027 729 1057 Nam
754 1026 944 1058 Dorienses
966 1027 1122 1068 Sicyonii
1145 1038 1221 1059 cum
1244 1028 1352 1069 Argis
1376 1028 1642 1060 coniunctissimi
1667 1036 1746 1061 sunt
1769 1037 1803 1062 et
1829 1032 1981 1062 domina-

183 1082 285 1112 tionis
315 1091 398 1112 suae
422 1081 515 1121 apud
539 1080 723 1121 Sicyonios
746 1081 798 1112 ius
822 1091 866 1112 ex
889 1082 1044 1117 Adrasti,
1073 1083 1189 1113 herois
1211 1082 1347 1123 Argivi,
1375 1083 1610 1114 dominatione
1632 1085 1787 1124 legitima
1809 1092 1980 1126 repetunt.

181 1135 401 1175 Anagrapha
424 1135 529 1175 igitur
545 1135 711 1175 Sicyonia
734 1135 932 1166 documenti
948 1137 1077 1176 publici
1103 1137 1169 1166 vim
1191 1138 1307 1177 habet,
1332 1142 1366 1168 et
1389 1147 1478 1177 quae
1499 1138 1532 1168 in
1554 1148 1596 1169 ea
1619 1145 1758 1170 narrata
1777 1147 1884 1175 erant,
1909 1141 1980 1171 eius

182 1191 274 1221 haud
299 1190 402 1220 dubie
426 1189 548 1225 famae,
572 1200 662 1229 quae
687 1188 839 1229 Sicyone
862 1190 999 1229 publice
1022 1196 1164 1230 recepta
1188 1197 1290 1226 esset,
1314 1190 1417 1222 fidem
1440 1198 1628 1231 praestant.

330 1244 402 1274 Iam
430 1244 464 1274 in
491 1245 694 1284 anagrapha
723 1244 781 1274 illa
809 1243 971 1284 Sicyonia
998 1244 1072 1275 fieri
1101 1245 1194 1275 nullo
1223 1246 1327 1276 modo
1350 1252 1477 1285 potest,
1508 1247 1588 1286 quin
1610 1247 1776 1288 Epigenis
1806 1249 1980 1280 inventum

182 1305 410 1330 memoratum
438 1298 550 1329 fuerit.
594 1298 701 1338 Apud
729 1298 871 1330 Suidam
900 1309 924 1330 s.
951 1309 981 1330 v.
1007 1300 1128 1338 Θέσπις
1157 1299 1322 1340 Epigenis
1350 1305 1447 1331 aetas
1475 1311 1552 1331 eum
1580 1302 1612 1332 in
1640 1303 1781 1333 modum
1811 1303 1979 1339 definitur,

184 1360 221 1384 ut
243 1359 323 1384 ante
341 1353 553 1393 Thespidem
575 1353 771 1384 sedecimus
794 1353 904 1389 fuerit,
929 1363 997 1393 qua
1014 1364 1051 1384 re
1074 1354 1119 1384 ad
1133 1354 1294 1392 Phaleae‚
1318 1354 1461 1386 Temeni
1477 1354 1546 1391 filii,
1571 1356 1627 1396 qui
1652 1367 1697 1388 ex
1717 1357 1981 1390 Heraclidarum

183 1407 292 1447 stirpe
315 1407 444 1447 primus
461 1406 611 1447 Sicyone
635 1407 795 1447 regnavit
818 1407 933 1448 (Paus.
950 1409 978 1442 2,
997 1408 1025 1443 6,
1042 1409 1085 1447 7),
1109 1414 1259 1439 aetatem
1282 1409 1428 1440 reicitur.
1462 1409 1542 1441 Fuit
1566 1410 1671 1450 igitur
1692 1413 1871 1452 popularis
1894 1414 1980 1444 haec

183 1463 277 1502 apud
301 1461 485 1502 Sicyonios
508 1461 610 1495 fama,
646 1461 704 1492 illa
725 1467 842 1492 aetate
863 1461 1056 1502 Epigenem
1088 1463 1234 1502 primum
1257 1473 1385 1493 novom
1416 1464 1449 1494 in
1473 1465 1665 1505 tragoediis
1688 1467 1883 1506 pangendis
1912 1468 1976 1498 iter

182 1517 378 1557 ingressum
401 1526 487 1547 esse.
533 1516 618 1547 Cum
646 1516 711 1546 hac
737 1515 830 1546 fama
853 1516 997 1556 egregie
1026 1517 1243 1547 consentiunt
1266 1527 1317 1552 ea,
1352 1528 1442 1557 quae
1464 1519 1541 1549 loco
1571 1521 1890 1560 praestantissumo,
1923 1523 1981 1562 qui

182 1571 216 1601 in
235 1571 302 1602 hac
325 1570 528 1610 quaestione
554 1580 618 1610 pro
643 1569 822 1611 Cynosura
846 1575 880 1600 et
902 1570 1034 1607 Helice,
1060 1571 1104 1601 ad
1127 1581 1213 1611 quas
1236 1572 1334 1602 navis
1357 1582 1492 1603 cursum
1517 1573 1753 1614 dirigeremus
1784 1576 1885 1606 nobis
1907 1576 1979 1611 fuit,

181 1625 275 1665 apud
308 1625 527 1656 Herodotum
551 1626 579 1659 5,
603 1625 642 1656 67
671 1626 861 1662 traduntur⁷
894 1625 954 1656 ubi
985 1624 1148 1666 Sicyonii,
1180 1626 1247 1657 hoc
1275 1632 1328 1657 est
1350 1626 1467 1658 Dores
1489 1626 1652 1668 Sicyonii,
1685 1636 1765 1660 ante
1795 1629 1978 1661 Clisthenis

181 1684 334 1710 aetatem
348 1679 539 1710 Adrastum
555 1680 698 1710 heroem
721 1679 836 1710 choris
851 1679 994 1719 tragicis
1018 1681 1214 1711 celebrasse
1231 1680 1404 1712 dicuntur:
1426 1682 1482 1713 τὸν
1499 1683 1556 1720 μὲν
1568 1683 1735 1715 Διόνυσον
1752 1684 1790 1715 οὐ
1807 1685 1979 1723 τιμέοντες,

181 1734 238 1765 τὸν
262 1735 297 1766 δὲ
321 1734 513 1773 Ἄδρηστον.
551 1734 672 1764 Habes
696 1744 816 1773 puram
840 1740 968 1773 putam,
991 1735 1083 1773 quod
1099 1734 1201 1769 aiunt,
1224 1736 1443 1774 tragoediam
1464 1736 1734 1775 ἀπροσδιόνυσον.
1780 1737 1852 1769 Suo
1876 1739 1981 1779 igitur

180 1789 263 1823 iure,
298 1789 524 1829 undecunque
552 1791 639 1820 haec
667 1789 792 1829 hausit,
827 1790 900 1820 sive
927 1800 972 1820 ex
1001 1790 1194 1826 Herodoto,
1231 1801 1301 1825 seu,
1331 1792 1423 1830 quod
1456 1791 1581 1826 malim,
1611 1801 1655 1822 ex
1678 1791 1880 1823 Aristotelis
1908 1794 1978 1832 περὶ

180 1845 324 1881 ποιητῶν
350 1843 501 1883 dialogo,
524 1843 731 1873 Themistius
755 1853 802 1875 or.
817 1845 855 1874 27
881 1854 913 1883 p.
926 1845 987 1875 400·
1004 1850 1083 1884 post
1107 1846 1195 1876 med.
1222 1846 1276 1876 ed.
1298 1844 1452 1875 Dindorf
1469 1845 1566 1876 dicit:
1590 1846 1640 1877 καὶ
1656 1847 1836 1887 τραγῳδίας
1854 1848 1980 1886 εὑρεταὶ

179 1899 237 1936 μἐν
264 1899 438 1933 Σικυώνιοι,
461 1899 680 1937 τελεσιουργοὶ
704 1899 739 1930 δὲ
761 1898 898 1930 Ἀττικοὶ
920 1900 1058 1937 ποιηταί.
