2287 3116
1084 192 1124 222 :36

209 283 383 315 RlTTER:
417 282 456 314 de
479 283 652 314 seminario
676 284 764 323 regio
789 283 1012 316 mathematico
1035 285 1095 316 sub
1118 284 1296 316 nominibus
1322 283 1400 324 prof.
1426 282 1652 315 LIPSCHITZ
1677 287 1708 315 et
1732 281 1924 320 KORTVM;
1954 282 1994 315 de

207 339 377 370 seminario
391 338 478 377 regio
492 336 624 378 physico
636 337 694 369 sub
713 337 894 369 nominibus
913 338 1128 378 professorum
1142 337 1356 372 CLAVSIVS.
1377 336 1695 376 STRASBVRGER,
1717 344 1765 369 DE
1785 336 1996 377 LASAVLX,

208 391 420 424 HERTWIG.
445 390 663 422 WALLACH.

433 704 474 743 {N
507 704 729 743 AGADEiuA
761 704 981 744 GAMERALI
1014 704 1067 742 ΕΤ
1100 703 1316 743 GEORGIGA
1351 704 1763 744 POPPELSDORFIANA

784 795 980 829 SCHOLAE
1004 795 1295 828 HABERVNTVR
1318 796 1458 829 HAECE

209 866 245 897 ln
268 865 313 897 rei
340 865 486 905 agrariae
517 864 656 896 studium
680 863 859 895 introducet
886 863 977 894 initio
998 863 1170 895 lectionum
1195 863 1514 896 DVENKELBERG
1542 864 1596 896 Dr.
1626 863 1764 896 director
1787 869 1818 896 et
1842 865 1927 905 regis
1953 864 1994 896 ab

306 919 425 950 intimis
449 919 480 950 in
504 918 781 950 administratione
805 917 960 950 consiliis.

206 974 320 1005 Rerum
348 973 535 1004 rusticarum
559 972 870 1004 administrationem
894 972 943 1004 bis
967 983 997 1013 p.
1022 973 1050 1004 h.
1075 971 1179 1004 tradet
1203 972 1313 1004 idem.

206 1026 496 1068 Encyelopaediam
519 1027 662 1059 culturae
686 1026 851 1059 technicae
874 1027 924 1059 bis
948 1037 977 1067 p.
1001 1027 1030 1058 h.
1051 1027 1203 1059 tractabit
1227 1027 1339 1059 idem.

205 1081 467 1113 Conversationis
490 1086 520 1113 et
544 1082 710 1113 seminarii
734 1081 875 1113 culturae
899 1081 1116 1114 technicorum
1138 1082 1384 1114 exercitationes
1404 1082 1622 1114 moderabitur
1646 1082 1756 1114 idem.

207 1135 474 1175 Agricolatiouem
497 1135 564 1167 sive
590 1135 770 1176 plantarum
794 1135 950 1167 culturam
977 1135 1149 1176 specialem
1173 1140 1221 1168 ter
1242 1135 1391 1168 tractabit
1414 1136 1598 1168 WERNER
1622 1136 1675 1168 Dr.
1699 1142 1730 1168 et
1755 1137 1833 1177 pros.

205 1190 322 1221 Curam
345 1189 439 1221 boum
462 1189 510 1221 bis
536 1200 564 1231 p.
588 1189 617 1220 h.
637 1194 773 1230 exponet
797 1189 909 1221 idern.

208 1244 255 1275 De
280 1244 390 1276 formis
412 1245 533 1276 exteris
557 1244 650 1275 boum
676 1249 723 1276 ter
746 1255 775 1285 p.
802 1245 829 1275 h.
857 1249 931 1285 aget
956 1244 1071 1276 idem.

206 1298 322 1329 Curam
346 1299 451 1330 ovium
476 1303 506 1331 et
529 1304 628 1331 artem
652 1300 758 1331 lanam
784 1303 867 1331 recte
887 1299 1082 1332 aestimandi
1107 1299 1156 1331 bis
1180 1310 1209 1341 p.
1234 1299 1262 1331 h.
1287 1299 1416 1332 docebit
1439 1299 1554 1332 idem.

205 1352 368 1384 Culturam
394 1353 560 1385 herbarum
583 1354 796 1385 universalem
821 1358 869 1385 ter
891 1363 920 1394 p.
947 1353 977 1385 h.
1000 1354 1105 1386 tradet
1130 1353 1314 1386 DREISCH
1340 1354 1392 1386 Dr.

205 1407 498 1440 Demonstrationes
523 1409 554 1439 in
582 1408 775 1440 laboratorio
799 1408 1166 1450 agrario-physiologice
1189 1409 1238 1441 bis
1264 1419 1295 1450 p.
1319 1409 1349 1440 h.
1374 1409 1517 1441 instituet
1541 1408 1650 1440 idem.

204 1463 252 1494 De
276 1468 342 1495 arte
366 1463 466 1495 silvas
495 1463 631 1503 colendi,
666 1462 785 1500 tuendi,
820 1469 968 1504 recteque
1002 1463 1196 1496 aestimandi
1219 1467 1268 1495 ter
1287 1473 1315 1504 p.
1340 1463 1369 1494 h.
1404 1468 1479 1505 aget
1507 1462 1733 1496 SPRENGEL
1775 1463 1822 1495 rei
1855 1462 1996 1495 silvestri

304 1518 491 1557 praefectus.

206 1572 423 1604 l’omariorum
447 1573 603 1604 culturam
626 1573 675 1604 bis
699 1583 728 1613 p.
753 1573 781 1604 h.
805 1573 932 1605 docebit
956 1572 1194 1605 HERRMANN
1217 1573 1248 1604 in
1270 1576 1338 1605 arte
1362 1572 1524 1605 hortorum
1547 1572 1753 1604 colendorum
1777 1572 1943 1612 inspector.

205 1626 252 1658 De
276 1631 357 1658 terra
382 1626 557 1658 excolenda
581 1627 730 1659 tractabit
754 1627 861 1659 idem.

205 1680 367 1712 Cbemiam
391 1681 617 1721 anorganicam
641 1682 926 1722 experimentalem
948 1688 1061 1723 quater
1083 1686 1221 1723 exponet
1243 1681 1445 1714 FREYTAG
1469 1682 1523 1713 Dr.
1547 1686 1577 1714 et
1601 1682 1680 1723 prof.

206 1734 455 1776 Technologiam
480 1736 629 1768 rusticam
654 1736 703 1768 bis
727 1747 756 1777 p.
780 1736 809 1768 h.
835 1737 940 1769 tradet
963 1737 1074 1769 idem.

205 1789 457 1821 Exercitationes
481 1790 625 1823 chemiae
650 1791 832 1832 analyticae
856 1791 888 1823 in
912 1791 1108 1823 laboratorio
1129 1790 1344 1824 instituendas
1367 1790 1585 1823 moderabitur
1610 1790 1726 1823 idem.

205 1843 368 1876 ('hemiam
392 1845 607 1884 agriculturae
631 1845 780 1877 tractabit
805 1846 1030 1878 KREVSLER
1052 1847 1107 1878 Dr.
1131 1850 1162 1878 et
1184 1846 1264 1887 prof.

206 1898 390 1930 I'lantarum
414 1900 606 1931 anatomiam
630 1904 660 1932 ct
684 1900 922 1941 physiologiam
946 1905 1059 1942 quater
1082 1900 1232 1933 tractabit
1255 1899 1507 1933 KOERNICKE
1531 1900 1585 1932 Dr.
1609 1903 1641 1933 et
1665 1900 1746 1941 prof.

206 1953 459 1985 Exercitationes
485 1954 725 1995 physiologicas
749 1960 780 1987 et
804 1956 1050 1996 microseopicas
1075 1955 1220 1987 instituet
1243 1955 1350 1987 idem.

208 2008 378 2039 Historiam
405 2009 578 2041 naturalem
603 2009 788 2041 animalium
815 2010 1064 2042 vcrtebratorum
1091 2014 1138 2041 ter
1162 2021 1191 2050 p.
1215 2010 1244 2041 h.
1269 2009 1373 2042 tradet
1398 2009 1600 2041 BERTKAV
1624 2009 1678 2041 Dr.
1703 2013 1734 2041 et
1759 2009 1838 2049 pros.

206 2062 251 2093 Dc
277 2063 482 2102 generalibus
507 2062 726 2103 physiologiae
750 2064 953 2104 vegetativae
977 2065 1102 2105 legibus
1127 2064 1174 2096 bis
1198 2063 1333 2096 disseret
1357 2063 1555 2100 FlNKLER.
1580 2063 1634 2095 Dr.
1658 2067 1689 2095 et
1711 2063 1793 2104 prof.

207 2116 455 2149 Exercitationes
480 2119 509 2149 in
534 2117 728 2149 laboratorio
753 2118 978 2159 physiologico
1003 2117 1220 2151 moderabitur
1243 2117 1353 2149 idem.

206 2169 447 2209 Miueralogiam
472 2171 520 2202 bis
545 2181 574 2211 p.
600 2171 628 2202 h.
655 2176 793 2212 exponet
817 2180 863 2203 m:
889 2172 1086 2204 LASAVLX
1110 2173 1164 2204 Dr.
1189 2176 1219 2204 ct
1243 2173 1322 2213 prof.

208 2224 460 2256 Exercitationes
486 2225 732 2265 mineralogicas
757 2227 855 2258 semel
881 2226 1026 2258 instituet
1050 2226 1158 2258 idem.

209 2278 376 2318 l'bysicam
402 2279 683 2319 experimentalem
707 2279 755 2310 bis
781 2289 809 2320 p.
835 2280 862 2311 b.
887 2281 1036 2312 tractabit
1060 2280 1270 2312 GIESELER
1295 2280 1348 2312 Dr.
1373 2284 1403 2312 et
1428 2279 1507 2321 prof.

208 2332 458 2364 Exercitationes
484 2333 634 2373 physicas
655 2333 871 2365 moderabitur
901 2335 1007 2367 idem.

206 2386 408 2418 Μυνὶιιιιιίι-νιι
435 2389 711 2419 instrumentorum
736 2393 764 2420 ct
791 2389 1018 2426 machinarum,
1042 2400 1122 2430 quae
1145 2390 1186 2422 aii
1204 2401 1267 2421 rein
1285 2391 1444 2431 agrariam
1463 2389 1631 2429 pertinent,
1655 2389 1754 2421 semel
1772 2388 1875 2421 tradet
1893 2388 2002 2424 idem,
