2287 3116
1186 303 1222 334 18

314 418 424 448 neque
447 407 530 437 meri
555 405 763 446 dithyrambi
787 410 874 436 sunt.
898 412 1009 442 neque
1031 401 1121 431 nulli.
1168 399 1273 430 Plane
1295 398 1387 428 idem
1409 397 1503 428 cadit
1525 397 1559 427 in
1581 405 1632 432 ea,
1660 406 1750 436 quae
1773 396 1878 427 modo
1899 396 2096 428 considera-

313 462 432 493 vimus.
467 460 624 492 carmina.
659 467 802 499 quorum
832 461 1071 497 argumentum
1096 453 1272 485 heroicum
1295 457 1358 490 est,
1391 451 1454 482 sed
1476 449 1597 485 forma,
1631 455 1830 490 apparatus,
1864 451 2001 482 habitus
2029 461 2098 492 quo

314 515 450 555 publice
473 519 648 546 canuntur.
672 511 799 542 Bacchi
822 509 1023 549 religionem
1046 507 1192 547 sapiunt.

568 681 612 713 17.
658 681 712 711 De
735 678 977 718 Melanippidis
1000 675 1268 707 “Danaidibus''.
1311 675 1366 707 De
1391 675 1586 707 Cleomenis
1609 675 1840 717 “Meleagro''.

744 733 798 763 De
822 732 1004 763 Timotheo
1027 730 1165 761 Milesio
1188 729 1360 770 Euripidis
1383 729 1494 761 amico
1518 729 1664 761 iuvenili.

461 837 531 867 s'ed
554 834 768 875 pergendum
791 843 879 863 nunc
896 838 948 863 est
969 832 1002 862 in
1025 841 1145 862 eorum
1169 830 1355 861 carminum
1378 829 1531 870 reliquiis
1553 830 1812 870 perlustrandis.
1849 829 2099 871 Alelanzppides

312 901 450 931 quoque
474 888 600 919 ,lh-lius
628 888 718 918 haud
747 887 860 923 dubie,
888 886 945 925 qui
976 886 1038 916 sub
1062 884 1230 915 Perdicca
1253 883 1285 914 11
1308 894 1392 924 rege
1415 883 1532 915 floruit
1554 884 1738 923 (διατρίψας
1761 885 1848 923 παρὰ
1869 884 2030 925 Περδίκκᾳ
2052 887 2097 926 τῷ

313 947 434 984 βασιλεῖ
457 945 520 975 ἐκεῖ
544 944 599 974 τὸν
623 943 690 981 βίον
713 941 931 979 κατέστρεψεν
948 939 1096 979 Suidas),
1121 938 1362 978 dithyrambos
1385 948 1462 969 cum
1485 938 1698 978 argumentis
1722 938 1869 969 heroicis
1892 939 2100 978 composuit.

312 999 348 1029 In
373 996 600 1037 dithyrambis
623 995 760 1025 omnino
784 995 932 1034 palmam
955 993 986 1024 ei
1010 992 1128 1023 tribuit
1151 992 1363 1032 Xenophon,
1389 991 1580 1023 Memorab.
1602 993 1628 1028 1,
1642 993 1670 1032 4,
1686 993 1706 1023 3
1729 993 1841 1024 ἐπὶ
1860 993 1949 1024 ἐπῶν
1971 993 2102 1031 ποιήσει

311 1052 453 1089 Ὅμηρον
477 1052 576 1087 ἔγωγε
602 1049 738 1086 μάλιστα
761 1048 952 1085 τεθαύμακα,
981 1048 1032 1078 ἐπὶ
1055 1048 1090 1078 δὲ
1115 1046 1299 1087 διθυράμβῳ
1323 1046 1574 1085 Μελανιππίδην,
1603 1047 1654 1078 ἐπὶ
1675 1048 1711 1079 δὲ
1734 1047 1895 1087 τραγῳδίᾳ
1917 1047 2098 1085 Σοφοκλέα.

311 1104 552 1144 Melanippidis
573 1103 741 1137 carminis,
765 1102 992 1139 ουίΔαναῑδες
1010 1101 1128 1131 titulus
1151 1100 1223 1136 fuit,
1245 1101 1455 1132 luculentum
1477 1100 1710 1141 fragmentum
1731 1107 1906 1132 servatum
1929 1107 1981 1132 est
2004 1102 2099 1141 apud

310 1159 527 1190 Athenaeum
559 1159 605 1197 14,
632 1167 664 1197 p.
689 1158 764 1194 651,
786 1156 813 1186 F
842 1156 992 1195 (Bergk,
1016 1155 1096 1195 Lyr.
1126 1156 1137 1174 ⁴
1166 1165 1198 1195 p.
1222 1155 1310 1192 589):
1345 1155 1587 1194 Μελανιππίδης
1615 1156 1642 1186 δ’
1669 1155 1688 1186 ὁ
1715 1155 1839 1194 Μήλιος
1864 1156 1900 1187 ἐν
1933 1157 2003 1195 ταῖς
2030 1157 2097 1188 Δα-

311 1215 397 1245 ναῑσι
425 1213 573 1251 φοίνικας
601 1212 658 1243 τὸν
681 1211 804 1249 καρπὸν
827 1210 932 1248 οὕτως
961 1209 1118 1248 ὀνομάζει,
1146 1209 1202 1241 τὸν
1231 1209 1329 1247 λόγον
1359 1209 1552 1248 ποιούμενος
1578 1210 1651 1248 περὶ
1685 1209 1791 1241 αὐτῶν
1823 1211 1887 1241 τῶν
1918 1210 2098 1242 Δαναίδων.

313 1267 522 1307 Fragmento
546 1266 622 1305 ipso
646 1265 844 1304 puellarum,
868 1269 904 1294 ut
919 1263 1120 1303 viraginum,
1145 1273 1258 1293 mores
1278 1263 1371 1292 haud
1385 1272 1469 1293 sane
1485 1262 1671 1293 muliebres
1694 1262 1948 1294 describuntur:
1973 1261 2042 1294 ἀλλ’
2063 1264 2099 1295 ἐν

312 1321 491 1360 ἁρμάτεσσι
513 1320 701 1359 διφρούχοις
729 1317 932 1356 ἐγυμνάζοντ’
961 1318 1001 1349 ἂν
1024 1317 1068 1355 εὖ,
1091 1317 1104 1357 Η
1126 1316 1165 1349 δι’
1190 1317 1293 1349 ἄλσεα
1320 1317 1456 1349 πολλάκι
1479 1317 1626 1356 θήραισιν
1648 1317 1754 1356 φρένα
1776 1317 1976 1356 τερπόμεναι.
2020 1317 2099 1348 Hoc

311 1384 449 1406 carmen
478 1374 732 1414 dithyrambum
760 1372 874 1407 fuisse,
905 1372 986 1403 licet
1012 1381 1081 1402 non
1112 1370 1239 1402 diserte
1267 1371 1312 1401 ab
1340 1370 1526 1402 Athenaeo
1556 1371 1718 1401 traditum
1746 1371 1799 1406 sit,
1825 1376 1940 1402 tamen
1963 1371 2030 1401 iam
2054 1381 2098 1402 ex

311 1429 560 1468 quinquaginta
583 1428 771 1467 puellarum
795 1436 948 1461 numero,
973 1429 1029 1466 qui
1050 1425 1301 1466 quinquaginta
1324 1425 1499 1456 choreutis
1522 1426 1744 1465 respondeat,
1773 1431 1867 1456 recte
1890 1424 2101 1457 Schmidtius

310 1493 342 1522 p.
366 1483 424 1513 217
449 1489 483 1513 et
506 1483 545 1513 79
569 1482 719 1522 collegit.
764 1481 861 1511 Idem
884 1482 974 1511 bene
997 1481 1136 1516 monuit,
1159 1481 1300 1511 chorum
1323 1480 1443 1510 habitu
1472 1486 1506 1510 et
1530 1485 1653 1510 ornatu
1679 1479 1876 1510 Danaidum
1905 1480 1950 1510 ad
1978 1489 2099 1510 canen-

311 1537 389 1567 dum
413 1536 593 1577 prodiisse.
617 1536 795 1567 Danaides
819 1536 1075 1576 dithyrambum
1098 1534 1214 1575 fuisse,
1231 1534 1423 1566 Schmidtio
1447 1533 1685 1564 adsentiuntur
1699 1533 1914 1574 Hartungius
1936 1534 1969 1564 in
1986 1534 2101 1565 Philo-

310 1592 393 1631 logo
416 1591 517 1624 1.404
542 1591 611 1621 init.
635 1597 669 1622 et
684 1590 855 1630 Scheibel‚
879 1591 922 1621 de
946 1590 1028 1621 dith.
1051 1599 1184 1630 argum.
1207 1599 1240 1629 p.
1256 1588 1346 1619 XVI
1362 1594 1449 1620 extr.
1473 1588 1611 1619 Deinde
1634 1594 1730 1619 certa
1752 1588 1836 1619 satis
1859 1589 2024 1619 memoria
2047 1595 2101 1620 est

311 1644 519 1685 dithyrambi
543 1655 563 1675 a
586 1644 754 1674 (homme
769 1643 929 1685 Rhegino
952 1643 1143 1684 compositi,
1167 1643 1262 1675 cuius
1285 1642 1402 1673 titulus
1425 1641 1639 1683 ⁴‘.llclcc1gcr''
1663 1647 1904 1683 argumentum
1926 1643 2100 1674 heroicum

309 1699 445 1730 indicat.
491 1698 712 1730 Cleomenem
736 1704 772 1729 ut
798 1709 901 1729 unum
931 1709 975 1730 ex
1003 1698 1085 1729 artis
1111 1698 1261 1729 musicae
1289 1697 1550 1737 corruptoribus
1577 1707 1653 1728 cum
1677 1697 1813 1728 Cinesia
1840 1702 1875 1728 et
1904 1697 2099 1729 Philoxeno

310 1753 563 1793 Aristophanes
587 1753 848 1792 perstrinxerat,
871 1752 985 1784 Schol.
1009 1753 1070 1784 Ar.
1096 1753 1185 1783 Nub.
1209 1755 1284 1784 333:
1309 1753 1478 1784 αἰνίττεται
1501 1752 1547 1790 είς
1570 1753 1647 1791 τοὺς
1670 1752 1743 1790 περὶ
1766 1752 1916 1790 Κινησίαν
1939 1753 1990 1783 καὶ
2005 1752 2099 1784 Φιλό-

310 1811 402 1839 Ξενον
425 1809 475 1838 καὶ
492 1808 650 1845 Κλεομένη
669 1832 674 1837 .
693 1833 699 1838 .
717 1833 722 1838 .
739 1809 803 1839 τῶν
827 1809 861 1839 δὲ
886 1808 1023 1839 κυκλίων
1047 1809 1152 1846 χορῶν
1176 1807 1260 1846 ἦσαν
1284 1807 1372 1839 οὗτοι
1395 1807 1593 1845 διδάσκαλοι,
1617 1806 1891 1846 ᾀσματοκάμπτας
1914 1808 1959 1843 δὲ,
1982 1807 2030 1838 ὅτι
2046 1832 2052 1838 .
2069 1832 2099 1838 ..

310 1863 436 1900 καμπάς
464 1863 574 1900 ἔχουσι
601 1862 762 1900 πλείονας.
813 1862 1017 1893 Cleomenes
1045 1862 1078 1892 in
1106 1861 1328 1903 “Meleagro'’
1356 1862 1578 1902 dithyrambo
1606 1871 1727 1901 aprum
1756 1859 1985 1901 Calydonium
2018 1861 2099 1892 albo

309 1917 425 1948 colore
457 1916 570 1948 fuisse.
600 1916 803 1950 tradideram
834 1915 1038 1947 Athenaeus
1069 1918 1097 1954 9,
1121 1917 1182 1948 402
1206 1915 1253 1947 A:
1287 1916 1385 1948 πάλαι
1412 1916 1473 1955 γὰρ
1501 1915 1648 1954 τυγχάνω
1676 1916 1868 1954 ἀνεγνωκὼς
1897 1916 1973 1954 τοὺς
2007 1916 2100 1947 Κλεο-

310 1972 426 2009 μένους
460 1973 516 2002 τοῡ
542 1970 688 2008 Ῥηγίνου
724 1971 946 2010 διθυράμβους,
984 1970 1030 2002 ὧν
1063 1972 1099 2002 ἐν
1134 1974 1179 2012 τῷ
1213 1971 1461 2011 ἐπιγραφομένῳ
1495 1970 1673 2011 Μελεάγρῳ
1707 1971 1803 2001 τοῦτο
1835 1970 2009 2008 ἱστόρηται.
2057 1969 2098 2001 cf.

309 2025 536 2055 Schmidtium
559 2034 590 2064 p.
615 2025 688 2059 21&
715 2023 946 2055 Scheibelium
969 2034 1001 2064 p.
1018 2024 1116 2056 XVI.
1162 2025 1233 2056 Iam
1256 2025 1301 2055 ad
1326 2023 1535 2055 Timotheum
1558 2022 1738 2054 Milesium
1761 2034 1825 2054 nos
1846 2030 2100 2057 convertamus.

311 2079 573 2109 audacissimum
598 2078 630 2108 in
655 2088 691 2109 re
715 2079 843 2110 musica
867 2079 947 2109 novi
971 2079 1101 2110 itineris
1124 2079 1397 2120 antesignanum.
1435 2079 1562 2110 Notum
1584 2084 1647 2113 est,
1672 2078 1824 2118 Euripidi
1849 2088 1926 2109 eum
1950 2078 2098 2109 amicitia

310 2134 573 2164 coniunctissum
599 2132 713 2164 fuisse.
748 2133 895 2164 Pulchra
914 2139 966 2164 est
988 2133 1178 2169 historiola.
1196 2134 1365 2174 tragicum
1388 2144 1505 2165 senem
1522 2134 1691 2164 interdum
1708 2133 1865 2164 iuvenem
1883 2133 1916 2164 in
1939 2139 2014 2164 arte
2037 2142 2100 2164 sua

310 2188 490 2220 novicium.
515 2197 590 2218 cum
615 2186 709 2217 initio
726 2188 983 2227 exploderetur,
1009 2188 1177 2219 consolari
1194 2189 1331 2219 solitum
1355 2199 1441 2220 esse.
1477 2188 1694 2223 Plutarchus,
1718 2198 1761 2218 an
1783 2188 1856 2219 seni
1879 2188 1923 2218 sit
1943 2188 2099 2228 gerenda

311 2252 398 2281 resp.
413 2243 452 2272 23
466 2248 551 2272 extr.
577 2242 662 2273 οὕτω
678 2243 712 2274 δὲ
739 2243 789 2273 καὶ
804 2242 960 2280 Τιμόθεον
984 2243 1156 2282 Εὐριπίδης
1180 2243 1409 2282 συριττόμενον
1425 2244 1475 2275 ἐπὶ
1498 2246 1535 2283 τῇ
1551 2243 1745 2283 καινοτομίᾳ,
1768 2243 1819 2274 καὶ
1835 2245 2036 2281 παρανομεῖν
2052 2244 2100 2282 εἰς

311 2296 368 2333 τὴν
385 2297 540 2333 μουσικὴν
554 2297 719 2333 δοκοῦντα,
744 2298 872 2334 θαρρεῖν
890 2298 1070 2335 ἐκέλευσεν,
1098 2298 1143 2336 ὡς
1159 2297 1269 2335 ὀλίγου
1293 2298 1412 2336 χρόνου
1428 2299 1492 2329 τῶν
1515 2298 1660 2336 θεάτρων
1677 2298 1730 2329 ὑπ’
1751 2298 1838 2338 αὐτῷ
1861 2299 2096 2336 γενησομένων.

311 2350 512 2380 Timotheus
540 2360 657 2380 rursus
681 2351 725 2381 ab
753 2352 921 2382 nonnullis
944 2362 1008 2391 pro
1039 2352 1286 2392 elegantissimi
1314 2353 1346 2383 in
1368 2352 1567 2392 Euripidem
1596 2352 1762 2392 epitaphii
1789 2359 1931 2383 auctore
1958 2353 2095 2384 habitus

311 2410 372 2435 ost.
404 2404 496 2443 quod
520 2405 552 2434 in
576 2404 647 2435 vita
670 2404 841 2445 Euripidis
870 2406 901 2436 in
925 2406 1044 2437 codice
1074 2406 1308 2437 Ambrosiano
1334 2406 1604 2446 (Westermann,
1633 2406 1749 2447 Biogr.
1778 2417 1809 2446 p.
1836 2407 1906 2443 135)
1937 2407 2098 2438 traditum

312 2465 373 2490 ost.
398 2459 490 2497 quod
508 2459 562 2489 alii
587 2469 703 2489 rursus
733 2459 878 2499 fuerunt,
902 2461 959 2500 qui
976 2461 1169 2501 Thucydidi
1193 2461 1357 2491 historico
1381 2460 1580 2492 tribuerent.
1616 2460 1834 2491 Timotheum
1857 2461 1961 2501 igitur
1986 2461 2097 2502 dithy-

311 2514 450 2543 rambos
476 2513 653 2553 scripsisse
679 2524 697 2543 e
714 2514 821 2545 Suida
843 2514 1057 2545 notissimum
1081 2522 1143 2549 est,
1167 2516 1224 2555 qui
1248 2516 1334 2546 haec
1357 2515 1479 2546 habet:
1503 2515 1756 2554 ἐτελεύτησεν..
1774 2541 1779 2546 .
1797 2515 1926 2554 γράψας
1949 2514 1987 2547 δι’
2011 2517 2099 2548 ἐπῶν
