2287 3116
1200 213 1235 243 12

433 370 476 400 1⁰.
523 369 680 407 Quinque
704 367 889 398 carminum
912 375 1043 405 genera
1066 376 1086 395 a
1109 365 1216 397 Suida
1239 364 1426 404 separatim
1449 364 1566 397 allata,
1589 363 1846 403 Aristophanes
1868 363 2014 395 sublatis

579 431 697 451 eorum
721 419 914 450 nominibus
938 429 1012 449 cum
1038 418 1112 448 aliis
1135 418 1322 458 copulavit.
1367 418 1609 457 Δαφνηφορικά
1633 418 1689 448 ubi
1713 418 1851 449 lateant.

472 523 540 553 sod
567 522 694 552 §uidae
718 521 821 551 index
845 521 923 550 licet
946 519 1055 549 minus
1079 520 1167 550 bene
1191 519 1380 559 dispositus
1403 519 1456 553 sit,
1480 519 1545 550 hac
1567 524 1683 550 tamen
1704 529 1742 550 re
1765 519 1911 550 eximius
1933 526 1995 553 est.
2021 520 2113 560 quod

327 577 511 608 carminum
535 585 665 615 genera
700 574 873 613 copiosius
898 579 1148 604 enumerantur.
1183 583 1251 612 qua
1275 573 1413 612 quidem
1437 583 1474 603 re
1504 573 1548 603 de
1570 573 1686 612 poesis
1710 573 1914 604 Pindaricae
1944 574 2113 605 varietate

324 631 526 662 luculentius
555 630 744 659 edocemur.
790 628 983 658 Editionem
1015 627 1116 663 illam,
1147 627 1201 658 cui
1223 627 1349 658 Suidae
1371 627 1475 657 index
1499 627 1723 662 adhaerebat,
1751 628 1845 658 haud
1869 628 1985 668 paullo
2008 638 2112 668 quam

324 685 569 724 Aristophanis
583 683 808 722 antiquiorem
827 692 904 711 esse
921 688 954 711 et
972 682 1016 711 ab
1034 681 1161 712 Atticis
1184 681 1326 712 eruditis
1348 687 1503 712 curatam
1528 681 1659 721 optime
1675 681 1849 721 Bergkius
1873 681 1999 714 docuit.
2037 682 2113 714 Hac

327 740 478 770 editione
495 738 734 770 Chamaeleon.
758 736 998 769 Aristoxenus
1023 735 1078 765 alii
1103 736 1153 765 usi
1177 742 1263 770 sunt,
1289 737 1382 775 quod
1406 735 1485 767 inde
1508 735 1697 766 clarissime
1720 735 1955 776 cognoscitur,
1979 737 2073 777 quod
2093 747 2114 767 a

324 793 550 833 scriptoribus
568 790 810 830 Aristophanis
833 796 949 820 aetate
965 789 1213 820 vetustioribus
1234 788 1338 819 scolt'a
1354 790 1540 821 Pindarica
1557 789 1768 825 adferuntur,
1792 790 1916 830 quibus
1933 790 1964 821 in
1982 790 2112 822 Suidae

324 848 434 877 indice
469 847 563 877 locus
597 855 752 875 scorsum
776 845 980 884 adsignatus
1005 850 1068 877 est.
1104 853 1180 874 cum
1206 843 1238 873 in
1265 843 1510 883 Aristophanis
1533 843 1644 874 indice
1678 843 1745 874 iam
1777 854 1845 874 non
1877 851 2113 885 campareant.

324 902 524 931 Athenaeus
561 901 597 930 12}
621 909 651 938 p.
675 899 745 931 57:³³.
769 898 795 928 F
827 908 871 928 ex
896 897 1164 929 chamaeleonte
1196 898 1360 936 Πίνδαρός
1383 908 1417 929 τε
1451 899 1488 929 τὸ
1513 899 1569 936 μὲν
1601 899 1729 936 πρῶτον
1758 898 1900 937 ἔγραψεν
1935 899 1980 938 εἰς
2015 900 2113 931 αὐτὸν

322 956 354 994 (ί.
379 966 406 986 e.
431 955 644 992 Ξενοφῶντα)
667 953 832 990 ἐγκώμιον,
906 953 1044 991 ὕστερον
1067 954 1102 984 δὲ
1127 953 1176 984 καὶ
1197 953 1338 984 σκόλιον.
1376 953 1610 983 Aristoxenus
1633 963 1687 992 ap.
1709 953 1836 984 Athen.
1863 954 1909 992 14,
1932 963 1965 993 p.
1989 954 2060 988 635.
2083 953 2112 984 Β

322 1010 433 1047 διόπερ
469 1009 517 1039 καὶ
541 1008 703 1045 Πίνδαρον
737 1008 893 1045 εἰρηκέναι
931 1008 966 1038 ἑν
994 1009 1038 1047 τῷ
1070 1008 1152 1046 πρὸς
1175 1007 1302 1045 Ἱέρωνα
1336 1007 1456 1047 σκολίῳ
1485 1008 1542 1045 τὴν
1576 1007 1712 1045 μάγαδιν
1740 1007 1950 1045 ὀνομάσαντα
1984 1008 2114 1045 ψαλμὸν

325 1064 548 1101 ἀντίφθογγον.

470 1117 542 1146 Iani
568 1116 611 1146 ad
635 1115 876 1155 gravissimam
900 1115 1070 1154 propositi
1095 1114 1203 1145 nostri
1226 1124 1316 1145 nunc
1339 1121 1473 1154 partem
1498 1116 1733 1146 accedendum
1758 1122 1820 1147 est.
1859 1116 2114 1157 Aristophanes

324 1171 458 1210 copiam
483 1170 654 1200 nominum
690 1170 733 1199 de
756 1169 871 1209 poesis
899 1170 1027 1209 lyricae
1060 1169 1248 1209 generibus
1277 1175 1521 1209 usurpatorum
1544 1170 1707 1206 coercuit,
1739 1178 1892 1211 cognata
1927 1171 2114 1202 coniunxit.

322 1225 418 1255 Nunc
442 1224 582 1263 cognitu
607 1223 854 1263 dignissumum
879 1230 941 1256 est.
966 1223 1023 1253 illa
1048 1223 1198 1263 quinque
1220 1233 1361 1263 genera,
1385 1224 1510 1264 quibus
1532 1225 1685 1255 abundat
1701 1224 1839 1261 Suidas,
1863 1225 1989 1266 quibus
2009 1235 2115 1266 gene-

321 1280 416 1309 ribus
440 1280 483 1309 ab
500 1278 736 1317 Aristophane
760 1277 926 1307 attributa
942 1277 1017 1307 sint.
1054 1277 1142 1307 Nam
1159 1278 1316 1308 dramata
1339 1288 1477 1318 quoque
1493 1279 1628 1319 tragica
1652 1279 1745 1319 apud
1763 1278 1906 1310 Suidam
1929 1279 1963 1310 in
1978 1279 2114 1311 Aristo-

321 1334 442 1374 phanis
465 1333 574 1363 indice
598 1332 645 1362 ita
668 1332 759 1362 haud
777 1332 879 1363 dubie
903 1331 1118 1366 delitescunt.
1143 1337 1180 1362 ut
1203 1341 1279 1362 cum
1303 1338 1456 1372 cognato
1474 1333 1519 1363 ibi
1543 1333 1659 1373 aliquo
1682 1343 1814 1373 genere
1835 1334 2016 1365 coniuncta
2038 1335 2115 1366 sint.

322 1388 374 1418 Ex
391 1388 541 1427 quinque
563 1387 655 1426 apud
671 1386 815 1417 Suitlarn
837 1387 1034 1425 generibus.
1059 1386 1183 1425 quibus
1205 1386 1345 1416 nomina
1362 1392 1453 1417 sunt:
1477 1387 1691 1426 ἐνθρονισμοί,
1710 1388 1857 1427 Βακχικά,
1875 1389 2115 1428 δαφνηφορικά,

321 1442 443 1474 σκολιά.
467 1442 612 1479 δράματα
636 1441 778 1479 τραγικά,
801 1440 948 1480 primum
969 1440 1026 1471 ubi
1050 1440 1181 1470 lateant
1204 1441 1434 1479 δαφνηφορικά
1457 1440 1705 1481 planissumum
1727 1448 1788 1473 est.
1825 1442 1930 1473 Haud
1956 1442 2060 1474 dubie
2081 1443 2115 1474 in

321 1497 430 1526 altero
458 1494 722 1525 Partheniorum
751 1494 849 1524 libro.
893 1494 1170 1534 Daphnephoria
1198 1495 1271 1526 dies
1294 1495 1404 1526 festus
1428 1495 1673 1527 Thebanorum
1699 1501 1761 1531 est,
1795 1506 1864 1536 quo
1888 1506 2000 1528 novae
2029 1497 2115 1528 lauri

322 1550 442 1589 virgae
467 1548 620 1589 Apollini
644 1548 792 1579 Ismenio
821 1547 1034 1580 obferuntur.
1078 1548 1249 1589 Pompam
1280 1549 1373 1580 ducit
1395 1550 1571 1590 Apollinis
1599 1551 1774 1585 sacerdos,
1805 1560 1892 1591 puer
1915 1551 2113 1590 ἀμφιθαλής;

320 1615 457 1635 carmen
475 1603 791 1643 daphnephoricum
808 1603 897 1633 canit
914 1603 1084 1643 virginum
1108 1603 1234 1633 chorus
1257 1605 1476 1635 sacerdotem
1493 1606 1718 1644 sequentium.
1751 1605 1905 1644 Proclus‚
1923 1605 2113 1636 Chrestom.

320 1669 352 1699 p.
375 1660 434 1690 248
459 1659 547 1696 ἄρχει
571 1659 605 1689 δὲ
629 1660 685 1697 τῆς
709 1657 938 1696 δαφνηφορίας
962 1659 1036 1696 παῖς
1059 1657 1338 1698 ἀμφιθαλής...ᾧ
1361 1659 1459 1697 χορὸς
1492 1660 1662 1698 παρθένων
1692 1661 1906 1692 ἐπακολουθεῖ
1937 1661 2114 1699 προτείνων

321 1715 447 1751 κλῶνας
463 1714 544 1752 πρὸς
559 1713 719 1751 ἱκετηρίαν
737 1714 802 1743 τῶν
818 1712 925 1750 ὕμνων
948 1711 1087 1752 [quibus
1104 1713 1146 1743 de
1163 1712 1280 1743 verbis
1295 1712 1384 1743 conf.
1402 1713 1618 1754 Bernhardy,
1641 1714 1731 1746 Hist.
1747 1715 1810 1745 litt.
1827 1725 1880 1754 gr.
1897 1714 1939 1750 ΙΙ,
1963 1715 1976 1746 1
1993 1715 2112 1753 (1867).

320 1778 352 1808 p.
377 1767 459 1807 639]
502 1768 711 1806 παρέπεμπον
734 1768 768 1798 δὲ
791 1767 848 1804 τὴν
871 1767 1100 1805 δαφνηφορίαν
1123 1766 1170 1805 εἰς
1186 1766 1399 1806 ’Λπόλλωνος
1421 1767 1577 1806 Ἰσμηνίου
1600 1769 1650 1800 καὶ
1668 1769 1828 1800 Γαλαξίου.
1867 1768 1970 1799 Paus.
1987 1769 2015 1804 9,
2032 1770 2079 1805 10,
2094 1770 2113 1800 4

320 1825 364 1861 τῷ
377 1822 551 1853 Ἀπόλλωνι
580 1825 624 1862 τῷ
647 1821 788 1861 Ἰσμηνίῳ
808 1823 907 1852 παῖδα
930 1821 1022 1852 οἴκου
1037 1847 1042 1852 .
1057 1821 1227 1859 ..δοκίμου
1241 1847 1246 1852 .
1261 1847 1266 1852 .
1281 1821 1387 1860 .ἱερέα
1403 1823 1565 1854 ἐνιαύσιον
1588 1825 1746 1855 ποιοῦσιν.
1781 1823 1857 1854 Hoc
1880 1823 2114 1854 sacerdotium

321 1877 459 1907 Pindari
484 1886 622 1916 quoque
646 1875 734 1906 filius
748 1876 967 1915 Daiphantus
989 1876 1110 1915 gessit,
1135 1875 1187 1906 cui
1210 1881 1311 1915 pater
1333 1877 1653 1917 daphnephoricuin
1676 1887 1815 1909 carmen
1838 1877 2048 1917 composuit;
2073 1877 2114 1909 cf.

321 1932 425 1961 vitam
449 1931 587 1961 Pindari
612 1930 750 1961 'vratisl
775 1931 868 1970 apud
892 1930 1078 1961 Westerm.
1102 1930 1213 1970 biogr.
1237 1940 1268 1970 p.
1292 1931 1341 1964 98.
1366 1932 1401 1962 41
1437 1931 1534 1970 ἔσχεν
1558 1932 1627 1964 υἱὸν
1645 1933 1848 1971 Δαΐφαντον,
1872 1932 1898 1973 ᾧ
1918 1932 1969 1963 καὶ
1991 1934 2116 1970 δαφνη-

320 1985 454 2022 φορικὸν
479 1985 565 2023 ᾆσμα
589 1984 738 2022 ἔγραψεν.

446 2157 490 2187 ll.
538 2157 795 2195 Ἐνθρονισμούς.
820 2158 946 2190 Σκολιά.
973 2158 1120 2196 Βακχικά.
1145 2168 1234 2198 quae
1258 2163 1336 2188 sunt
1361 2158 1452 2197 apud
1476 2157 1629 2196 Suidam,
1656 2157 1778 2197 quibus
1802 2157 1990 2197 generibus

736 2216 990 2256 Aristophanes
1014 2222 1116 2247 aucto
1140 2216 1304 2246 librorum
1327 2225 1470 2246 numero
1495 2215 1698 2246 attribuerit.

471 2315 606 2345 Deinde
636 2318 866 2355 ε’νθρονισμοὺς
895 2316 1020 2347 Suidas
1051 2317 1167 2350 habet.
1201 2316 1258 2356 qui
1286 2317 1405 2347 titulus
1434 2317 1466 2347 in
1491 2316 1738 2357 Aristophanis
1772 2317 1882 2348 indice
1913 2327 1979 2347 non
2013 2317 2113 2348 redit.

322 2369 400 2399 Vox
435 2370 550 2408 paullo
587 2370 746 2409 ignotior.
802 2370 894 2401 inter
929 2371 1069 2410 Orphei,
1103 2371 1233 2411 Oeagri
1266 2370 1322 2405 fili,
1358 2371 1486 2411 scripta
1519 2370 1646 2402 Suidas
1680 2377 1868 2402 memorat:
1916 2372 2113 2410 θρονισμοὺς

322 2426 488 2462 μητριῇιους
511 2425 559 2454 καὶ
584 2425 723 2462 βακχικὰ.
749 2426 847 2456 ταῦτα
872 2425 979 2456 Νικίου
1004 2427 1060 2456 τοῦ
1082 2425 1235 2457 Ἐλεάτου
1258 2432 1360 2463 φασιν
1386 2424 1474 2456 εἶναι.
1514 2424 1709 2455 Boeckhius
1724 2424 1818 2455 Pind.
1839 2424 1878 2455 fr.
1897 2435 1928 2465 p.
1947 2425 2009 2456 556
2025 2425 2112 2455 med.
