2287 3116
999 250 1034 279 19

125 352 253 390 Νόμους
270 353 443 390 μουσικοὺς
466 353 515 388 ιθ’,
537 350 685 389 προοίμια
709 351 763 386 λς’,
780 347 935 386 Ἄρτεμιν,
958 348 1131 385 διασκευὰς
1143 350 1180 385 η’,
1203 347 1350 384 ἐγκώμια.
1369 347 1503 385 Πέρσας
1527 347 1730 384 ἢΝαύπλιον,
1755 348 1913 386 Φινείδας,

124 405 277 444 Λαέρτην,
301 405 516 444 διθυράμβους
538 407 585 442 ιη’,
608 404 727 442 ὕμνους
747 406 794 434 κα·
818 403 869 433 καὶ
893 401 974 432 ἄλλα
997 403 1074 433 τινά.

220 556 267 588 18.
312 555 368 587 De
391 555 563 585 Timothei
586 553 750 584 “Nioba'’.
774 571 814 575 —
838 552 1026 593 Egregiam
1049 561 1162 583 rerum
1187 551 1220 581 in
1244 551 1339 581 exitu
1362 551 1498 582 Niobae
1521 553 1817 583 adumbrationem

288 620 368 641 num
392 616 487 641 recte
507 608 727 639 Hermannus
749 607 969 638 Timotheum
993 608 1038 637 ab
1060 606 1239 646 Aeschylo
1262 611 1452 636 mutuatum
1476 616 1553 636 esse
1576 607 1743 638 statuerit.

268 709 321 739 Ex
345 709 452 739 titulis
476 709 672 742 carminum,
700 708 757 748 qui
781 707 992 742 adferuntur,
1019 707 1173 738 nonnulli
1197 707 1426 747 dithyrambis
1449 712 1544 738 certo
1567 707 1773 748 adsignandi
1797 708 1912 739 viden—

121 770 184 796 tur.
218 763 389 795 Lucianus
413 764 445 793 in
469 763 683 793 Harmonida
706 772 780 802 cap.
804 764 817 793 1
844 763 932 793 med.
956 761 1116 792 “Aiacem
1129 760 1330 801 surcntcm’‘
1362 771 1498 792 carmen
1523 771 1543 790 a
1566 761 1749 791 Timotheo
1773 771 1912 801 compo-

122 819 221 849 situm
249 818 355 852 novit,
391 828 460 858 quo
488 817 638 848 carmine
660 816 924 847 Atheniensium
955 816 1065 846 tribus
1085 815 1273 846 Pandionis
1301 816 1333 845 in
1357 815 1446 845 ludis
1469 815 1689 856 Dionysiacis
1719 817 1912 848 certaverit.

122 873 229 904 Tibiis
257 873 289 903 in
319 874 386 903 hoe
409 872 596 903 certamine
624 871 796 902 cecinerat
818 870 1021 901 Timotheus
1044 870 1240 905 Thebanus
1264 869 1401 904 tibicen,
1425 880 1445 900 a
1468 875 1572 909 poeta
1595 870 1780 901 Timotheo
1803 871 1913 902 diver-

120 937 186 958 suS.
230 927 336 966 Apud
366 926 553 957 Lucianum
582 925 815 956 Harmonides
841 925 929 955 hunc
956 924 1130 954 t1bicinem
1158 924 1350 963 alloquitur,
1380 930 1519 964 poetam
1547 924 1756 955 accessionis
1779 930 1911 956 tantum

119 982 194 1012 loco
217 986 480 1012 commemorat:
510 979 536 1011 ὦ
557 979 951 1018 Τιμόθεε...ὑπηύλησας
973 981 1010 1019 τῇ
1033 978 1220 1009 Πανδιονίδι
1243 979 1294 1009 καὶ
1317 978 1469 1017 ἐνίκησας
1492 978 1527 1010 ἐν
1550 981 1594 1019 τῷ
1619 978 1727 1010 Αἴαντι
1749 981 1794 1020 τῷ
1818 979 1913 1018 ἐμμα-

119 1037 175 1074 νεῖ,
202 1037 260 1067 τοῦ
288 1035 459 1073 ὁμωνύμου
486 1042 539 1065 σοι
564 1034 764 1072 ποιήσαντος
790 1034 827 1065 τὸ
857 1034 961 1072 μέλος.
996 1032 1083 1064 conf.
1108 1032 1309 1072 Bergkiurn,
1333 1032 1412 1072 Lyr.
1439 1034 1451 1052 ⁴
1479 1043 1510 1072 p.
1535 1033 1595 1064 620
1619 1034 1708 1064 med.
1749 1032 1914 1064 Similiter

119 1089 230 1120 Nioba
258 1099 412 1131 quoque,
441 1089 665 1120 clarissimum
694 1088 1030 1128 pulcherrimumque
1059 1087 1232 1117 Timothei
1263 1097 1410 1121 carmen,
1440 1086 1668 1126 dithyrambis
1693 1086 1912 1117 tribuendum

120 1145 265 1175 videtur.
311 1142 426 1173 Testis
454 1147 506 1172 est
534 1142 577 1172 de
605 1143 672 1172 hoc
699 1141 849 1172 carmine
877 1140 1059 1180 Diogenes
1086 1139 1200 1171 Laert.
1224 1140 1302 1175 VII,
1326 1142 1354 1179 ξ.
1378 1141 1427 1177 28,
1460 1141 1517 1179 qui
1550 1140 1722 1171 Zenonem
1751 1140 1913 1171 Cittieum

121 1203 248 1233 narrat,
271 1208 348 1229 cum
372 1197 463 1227 forte
487 1196 624 1226 fortuna
641 1206 660 1226 e
677 1196 795 1226 schola
812 1195 949 1224 domum
972 1194 1110 1230 rediret,
1127 1200 1197 1224 tarn
1220 1193 1346 1224 infelici
1365 1204 1446 1225 casu
1469 1194 1502 1224 in
1524 1200 1650 1224 terram
1673 1195 1912 1234 procubuisse,

121 1259 157 1283 ut
179 1262 266 1282 unus
289 1263 308 1283 e
331 1251 449 1291 digitis
472 1250 700 1290 frangeretur.
746 1249 831 1279 Tum
856 1258 982 1280 senem.
1007 1249 1129 1278 dolore
1153 1256 1361 1288 superatum.
1386 1248 1478 1279 vitae
1501 1247 1603 1279 finem
1627 1248 1690 1278 sibi
1714 1249 1842 1279 instare
1864 1249 1912 1279 in-

122 1307 299 1338 tellexisse
323 1313 356 1336 et
378 1313 470 1336 terra
494 1315 595 1335 manu
618 1314 784 1344 percussa
806 1303 900 1333 illurn
917 1303 1121 1333 versiculum
1144 1303 1368 1338 exclamasse,
1393 1312 1460 1342 quo
1481 1302 1596 1332 Nioba
1620 1301 1785 1333 Charonti
1807 1303 1913 1342 impa-

120 1361 253 1393 tienter.
277 1366 314 1390 ut
338 1360 382 1391 ad
406 1370 483 1390 sese
506 1359 630 1394 veniat,
655 1358 792 1398 urgenti
815 1358 1019 1397 respondet:
1052 1357 1193 1396 ἔρχομαι,
1216 1358 1244 1388 τί
1268 1357 1296 1395 μ’
1322 1356 1423 1394 ἀΰεις;
1469 1356 1545 1387 Hoc
1567 1357 1659 1387 dicto
1684 1357 1778 1387 edito
1803 1357 1911 1387 Zeno-

118 1424 207 1454 nem,
236 1414 383 1445 occlusis
409 1423 512 1443 manu
539 1423 600 1443 sua
630 1412 798 1447 faucibus,
826 1412 973 1442 animam
1003 1411 1157 1442 efflasse:
1191 1412 1242 1443 καὶ
1272 1413 1464 1450 παραχρῆμα
1493 1411 1704 1450 ἐτελεύτησεν
1732 1411 1912 1451 ἀποπνίξας

120 1469 244 1500 ἑαυτόν.
288 1468 504 1498 versiculum
527 1467 623 1497 illum
647 1477 691 1497 ex
704 1466 875 1496 Timothei
896 1466 1009 1496 Nioba
1032 1466 1178 1505 petitum
1202 1476 1289 1501 esse,
1313 1484 1352 1487 ——
1374 1476 1453 1496 nam
1477 1466 1663 1495 multorum
1687 1475 1770 1496 sane
1793 1472 1912 1506 poeta—

117 1533 192 1554 rum
216 1521 393 1553 “Niobae''
416 1522 617 1553 ferebantur
638 1527 672 1552 et
688 1521 867 1561 Diogenes
888 1521 1047 1551 Laertius
1070 1520 1228 1551 carminis
1251 1527 1393 1555 tanturn,
1417 1531 1483 1550 non
1507 1526 1633 1559 poetae
1648 1530 1774 1550 nomen
1797 1521 1912 1560 posuit

117 1595 156 1599 ——
180 1578 388 1609 documento
411 1582 489 1607 sunt
511 1586 632 1607 versus
652 1576 832 1607 Machonis
854 1577 974 1609 cornici
1001 1587 1045 1608 ex
1073 1577 1196 1616 Χρειῶν
1221 1575 1309 1605 libro
1333 1576 1425 1615 apud
1448 1574 1668 1606 Athenaeum
1692 1576 1720 1609 8.
1738 1585 1769 1615 p.
1792 1576 1851 1606 341
1872 1575 1910 1606 C:

119 1632 137 1663 ὁ
158 1632 315 1671 Τιμοθέου
345 1632 459 1670 Χάρων
486 1632 657 1671 σχολάζειν
687 1632 745 1664 οὐκ
773 1633 811 1674 ἐᾷ
840 1633 852 1673 Η
880 1633 938 1664 οὑκ
959 1635 1017 1670 τῆς
1042 1632 1168 1671 Νιόβης,
1191 1633 1310 1670 χωρεῖν
1333 1632 1368 1661 δὲ
1390 1629 1536 1669 πορθμίδ’
1562 1629 1694 1670 ἀναβοᾷ,
1722 1629 1733 1669 ΙΙ
1764 1632 1854 1661 καλεῖ
1877 1631 1912 1661 δὲ

118 1688 214 1725 μοῖρα
230 1687 349 1727 νύχιος,
373 1686 411 1726 ἧς
428 1687 535 1719 κλύειν
550 1688 663 1726 χρεών.
688 1687 775 1719 conf.
793 1687 920 1727 Bergk,
941 1687 1021 1727 Lyr.
1037 1687 1050 1706 4
1069 1697 1102 1726 p.
1117 1686 1175 1717 621
1194 1691 1228 1716 et
1241 1684 1406 1720 Schmidt,
1425 1684 1575 1715 diatriba
1590 1694 1623 1724 p.
1642 1685 1711 1715 112.

270 1741 483 1782 Godofrcdus
505 1742 729 1772 Hermamms
750 1742 783 1772 in
807 1743 886 1774 edit.
912 1741 1078 1781 Aeschyli
1102 1740 1117 1771 I
1139 1751 1171 1780 p.
1186 1741 1246 1771 355
1270 1740 1315 1770 ad
1337 1738 1472 1769 Niobae
1495 1738 1618 1778 fragm.
1635 1738 1693 1769 173
1714 1738 1911 1768 acutissime

117 1795 274 1831 coniecit,
296 1796 563 1835 pulcherrimam
585 1797 678 1827 illam
702 1797 887 1837 imaginem
901 1796 1083 1827 Charontis
1108 1797 1250 1826 heroem
1271 1794 1419 1833 aliquem
1443 1798 1660 1824 cunctantem
1685 1793 1729 1822 ad
1753 1802 1830 1822 sese
1853 1802 1911 1822 vo-

118 1850 228 1881 cantis
250 1860 318 1880 non
343 1861 386 1881 ex
411 1851 584 1881 Timothei
607 1850 745 1882 officina
768 1851 949 1891 prodiisse,
973 1851 1034 1881 sed
1057 1850 1271 1889 Aeschylum
1296 1849 1329 1878 in
1347 1848 1461 1878 Nioba
1483 1849 1550 1877 hoc
1573 1847 1748 1877 inventum
1772 1847 1912 1886 reliquis

118 1904 234 1944 poetis
256 1905 457 1944 praeivisse.
502 1905 722 1936 Documento
746 1915 823 1936 esse
847 1905 1031 1945 Sophoclis
1052 1904 1224 1944 Oedipum
1246 1904 1279 1934 in
1293 1903 1435 1938 Colono,
1461 1902 1518 1942 qui
1542 1911 1619 1932 cum
1641 1902 1686 1931 ad
1702 1900 1829 1931 Orcum
1853 1902 1911 1931 de-

120 1960 286 1989 scendere
309 1961 383 2000 ipse
407 1970 544 2000 quoque
567 1966 756 1995 cunctetur,
780 1960 895 1990 divina
917 1960 1067 1999 quadam
1090 1959 1276 1989 inferorum
1299 1967 1384 1988 voce
1408 1957 1635 1996 compelletur
1657 1967 1687 1986 v.
1708 1956 1786 1987 1627
1810 1954 1836 1985 ὧ
1860 1954 1913 1986 οὗ·

116 2024 174 2052 τος
201 2013 306 2052 οὗτος,
335 2014 495 2053 Οἰδίπους,
522 2015 550 2045 τί
579 2015 736 2052 μέλλομεν
765 2014 778 2054 ΙΙ
804 2016 931 2053 χωρεῑν;
957 2014 1055 2045 πάλαι
1082 2014 1120 2051 δὴ
1147 2012 1231 2044 τάπὸ
1254 2014 1316 2044 σοῦ
1340 2012 1538 2051 βραδύνεται.
1570 2011 1609 2040 Id
1633 2010 1770 2050 quidem
1794 2010 1912 2040 hercle

117 2066 326 2108 Sophoclem
350 2078 395 2099 ex
418 2069 586 2109 Aeschyli
614 2069 727 2099 Nioba
755 2068 956 2108 sumpsisse;
985 2067 1168 2108 Sophoclis
1192 2066 1316 2098 deinde
1343 2067 1506 2106 exemplo
1529 2065 1748 2096 Timotheum
1773 2074 1911 2104 quoque

114 2124 337 2154 thensaurum
360 2123 454 2154 illum
478 2124 745 2164 pulcherrimum
769 2124 812 2153 ab
836 2123 1014 2163 Aeschylo
1035 2127 1228 2152 mutuatum
1251 2131 1337 2152 esse.
1380 2119 1451 2152 Sed
1475 2121 1632 2160 quamvis
1655 2125 1800 2149 venuste
1824 2119 1911 2148 haec

115 2178 216 2208 unius
232 2178 354 2210 Croesi
376 2179 409 2209 in
432 2179 556 2209 litteris
578 2178 755 2209 hereditas
780 2179 824 2208 ad
847 2184 1010 2217 posteros
1033 2178 1065 2207 in
1090 2182 1166 2207 arte
1192 2181 1392 2216 propagata
1415 2176 1460 2206 ab
1483 2175 1684 2205 Hermanno
1709 2173 1911 2213 excogitata

117 2231 168 2269 sit,
193 2242 351 2263 caussam
374 2243 443 2264 non
466 2233 580 2274 video,
604 2244 664 2264 cur
687 2233 731 2263 de
753 2232 927 2263 Timothei
950 2231 1090 2272 ingenio
1114 2237 1186 2262 tam
1209 2230 1432 2270 contemptim
1458 2235 1658 2260 statuamus.
1704 2227 1795 2268 Quid
1819 2236 1910 2258 com—

117 2286 250 2321 meruit,
274 2296 416 2327 quaeso,
438 2288 552 2323 homo,
577 2297 679 2327 quem
702 2286 838 2327 plurimi
862 2285 943 2317 fecit
959 2285 1152 2325 Euripides,
1176 2285 1230 2316 cui
1250 2295 1368 2315 rursus
1380 2283 1564 2324 Euripides
1584 2284 1736 2323 palmam
1760 2288 1793 2313 et
1818 2281 1909 2321 prin-

117 2340 269 2381 cipatum
284 2341 372 2371 inter
389 2341 462 2372 eius
477 2341 603 2372 aetatis
618 2347 743 2381 poetas
759 2340 964 2371 vaticinatus
982 2346 1044 2378 est,
1067 2350 1127 2370 cur
1147 2340 1242 2369 illum
1258 2339 1444 2379 imaginem
1465 2338 1648 2379 poeticam,
1670 2347 1759 2377 quae
1776 2346 1908 2366 summo

117 2395 256 2435 ingenio
281 2396 374 2425 haud
397 2395 539 2435 indigna
565 2401 666 2433 esset,
691 2395 805 2425 animo
830 2394 1011 2434 concipere
1032 2394 1188 2434 potuisse
1210 2394 1348 2423 omnino
1371 2393 1624 2432 desperandum
1649 2392 1709 2422 sit?
