2287 3116
1210 203 1247 233 14

337 306 489 337 Suidam.
514 311 677 344 quattuor
699 304 788 333 hunc
812 303 843 332 in
868 302 1005 332 modum
1030 301 1233 331 distributos
1256 309 1361 339 supra
1384 299 1589 330 invenimus:
1613 298 1842 337 δαφνηφορικά
1858 298 2124 330 partheniorum

335 361 422 390 libro
446 359 491 391 11:
530 357 761 395 ἐνθρονισμούς
789 355 1049 386 Partheniorum
1074 355 1092 384 l.
1117 353 1166 383 111
1200 361 1234 384 et
1262 353 1475 390 Paeanibus3
1510 353 1624 384 σκολιά
1650 352 1824 383 Encomiis
1859 359 1894 384 et
1917 353 2122 393 Hyporche-

335 420 462 443 matum
490 413 509 443 1.
534 412 582 447 ΙΙ;
618 411 754 449 Βακχικά
787 410 1033 440 Prosodiorum
1069 409 1088 438 l.
1111 407 1152 437 ΙΙ.
1197 406 1418 446 Relinquitur
1450 406 1483 436 in
1507 405 1636 438 Suidae
1667 406 1777 437 indice
1805 407 1924 438 titulus
1953 407 2125 446 δραμάτων

335 469 506 505 τραγικών;
540 466 621 496 item
653 465 747 504 apud
777 464 1049 503 Aristophanem
1084 462 1117 491 in
1150 461 1447 501 dithyramborum
1480 470 1610 501 genere
1641 460 1729 491 liber
1755 461 1852 492 alter.
1897 461 1988 501 Quid
2019 461 2125 502 igitur

334 521 496 561 apertius,
530 530 632 559 quam
656 520 720 549 hos
746 518 832 548 duos
856 517 973 547 titulos
995 515 1132 545 nomine
1161 515 1320 545 diversos
1343 524 1431 549 esse.
1461 524 1499 545 re
1522 515 1687 545 eosdem?
1731 515 1953 546 Adiectivum
1986 516 2120 553 τραγικά

335 575 576 615 cognationem
600 583 675 603 cum
699 572 806 602 sacris
829 569 1006 601 Bacchicis
1030 576 1064 599 et
1087 568 1318 608 dithyrambis
1340 568 1532 599 luculenter
1554 569 1713 599 ostendit.
1757 569 1829 599 Iam
1852 569 1880 599 si
1903 579 2120 609 quaeramus,

333 629 415 668 quid
438 629 502 658 hac
525 634 641 657 nostra
665 624 896 665 disputatione
920 623 1081 654 effectum
1109 622 1161 655 sit.
1188 623 1282 658 satis,
1306 622 1436 662 opinor,
1460 627 1534 652 tuto
1558 622 1625 653 dici
1644 623 1783 662 poterit,
1808 623 1941 654 titulum
1966 623 2141 654 Pindari·-

334 692 420 714 cum.
445 682 500 721 qui
525 688 577 712 est
601 681 691 719 apud
715 679 866 715 Suidam,
889 677 1061 715 δραμάτων
1085 678 1242 714 τραγικῶν
1265 676 1358 706 nullo
1382 676 1486 706 modo
1510 686 1573 716 pro
1596 683 1760 716 corrupto
1780 678 1835 708 vel
1859 677 1978 717 spurio
2001 677 2122 708 haberi

333 747 445 776 posse.
491 735 618 765 Suidae
641 734 756 766 index.
778 732 834 771 qui
859 742 902 761 ex
927 730 1058 770 optimo
1081 729 1185 765 fonte,
1210 729 1360 761 fortasse
1383 739 1427 760 ex
1443 729 1709 760 Chamaeleontis
1731 731 1771 760 de
1789 729 1942 761 Pindaro
1965 733 2122 765 lractatu,

334 797 490 829 sumptus
513 797 574 821 est.
611 798 721 827 neque
744 786 996 825 neclegentiam
1019 784 1120 824 sapit,
1153 794 1265 824 neque
1288 783 1536 824 confusionem,
1559 785 1622 815 sed
1645 784 1795 815 studium
1819 785 1971 815 ostendit
1994 785 2124 825 lyricae

335 843 451 883 poesis
475 842 780 881 diligentissimum.
826 839 982 874 Accedit,
1014 839 1108 878 quod
1131 838 1208 878 ipsa
1235 837 1302 868 iam
1326 838 1384 868 illa
1407 838 1617 878 symmetria,
1649 848 1740 878 quae
1764 838 1852 868 inter
1876 838 2124 878 Aristophanis

333 898 477 927 indicem
502 903 535 926 et
558 895 790 927 vetustiorem.
826 893 920 924 cuius
945 902 1094 933 sponsor
1127 898 1180 923 est
1203 891 1339 927 Suidas,
1374 892 1566 927 intercedit.
1603 893 1774 930 δραμάτων
1797 894 1955 930 τραγικῶν
1989 892 2124 923 titulum

332 958 453 981 tuetur.
487 950 608 989 Itaque
631 950 854 979 vehementer
870 948 1060 987 optandum
1083 951 1146 981 est,
1174 953 1209 976 ut
1233 947 1372 976 tandem
1396 946 1582 986 aliquando
1600 946 1727 978 Suidas
1751 956 1814 986 pro
1837 946 1897 977 tali
1922 947 2122 977 testimonio

332 1005 422 1043 apud
447 1004 597 1033 eruditos
622 1003 787 1042 vapulare
810 1002 954 1032 desinat.

515 1174 558 1204 13.
606 1173 773 1203 Dramata
797 1171 931 1212 tragica
954 1182 1077 1203 nomen
1102 1172 1174 1203 sine
1197 1182 1234 1203 re
1257 1173 1426 1208 videntur,
1450 1183 1553 1212 quom
1577 1178 1828 1213 argumentum.
1854 1173 1947 1212 quod

614 1226 788 1266 proprium
813 1226 862 1257 eis
885 1226 995 1261 fuerit,
1019 1226 1161 1257 inveniri
1184 1236 1252 1257 non
1276 1227 1396 1267 possit.
1441 1227 1522 1257 Duo
1546 1227 1843 1267 dithyramborum

931 1290 1071 1320 genera,
1096 1290 1239 1311 vernum
1263 1288 1298 1312 et
1320 1281 1512 1313 hibernum.

478 1386 710 1425 Posteaquam
734 1386 838 1426 igitur
861 1395 906 1416 ex
929 1395 1058 1426 magno
1083 1386 1140 1416 illo
1164 1386 1356 1416 litterarum
1379 1386 1598 1425 antiquarum
1620 1385 1803 1426 naufragio
1829 1387 1974 1425 δράματα
1993 1387 2126 1425 τραγικὰ

329 1441 475 1471 feliciter
499 1446 636 1470 servata
660 1447 746 1475 sunt,
778 1450 992 1480 magnopere
1016 1441 1208 1471 cavendum
1233 1446 1296 1475 est,
1326 1450 1369 1470 ne
1391 1450 1484 1470 novo
1508 1440 1638 1480 impetu
1661 1451 1778 1471 rursus
1801 1441 1902 1471 nobis
1925 1441 2122 1480 eripiantur.

328 1495 414 1525 Nam
447 1495 598 1525 imminet
632 1495 680 1525 eis
714 1495 908 1525 etiamnunc
938 1495 1079 1535 aliquod
1112 1495 1310 1535 periculum.
1355 1494 1489 1525 Etenim
1523 1493 1610 1525 fides
1643 1505 1761 1525 eorum
1792 1495 1857 1525 hac
1891 1505 1929 1526 re
1960 1505 2122 1526 maxume

327 1549 473 1580 laborat.
510 1549 656 1589 primum
685 1549 777 1588 quod
807 1559 870 1588 per
903 1555 1012 1579 totum
1042 1549 1234 1580 litterarum
1257 1549 1473 1589 antiquarum
1504 1550 1625 1579 orbem
1657 1550 1751 1580 nulla
1785 1559 1904 1580 eorum
1934 1549 2121 1580 carminum

327 1603 478 1633 definitio
503 1609 608 1637 extat,
644 1603 769 1633 deinde
797 1603 891 1642 quod
920 1603 1036 1643 qualia
1059 1603 1196 1634 omnino
1230 1603 1365 1638 fuerint,
1394 1604 1560 1643 explicari
1584 1603 1642 1634 vix
1676 1613 1781 1643 posse
1810 1604 1956 1635 videtur.
2000 1604 2123 1644 Itaque

326 1658 436 1697 primo
472 1658 639 1698 adspectu
675 1658 774 1687 inane
807 1668 931 1688 nomen
965 1658 1038 1688 sine
1073 1668 1110 1689 re
1142 1658 1262 1689 lucrati
1296 1658 1460 1689 videmur.
1508 1657 1624 1698 Atque
1660 1657 1875 1698 Gvdqfredus
1909 1658 2122 1700 Bcrnlmmfv.

329 1712 610 1751 diligentissimus
626 1712 742 1743 hercle
764 1718 797 1742 et
821 1712 1010 1742 benevolus
1027 1713 1146 1743 talium
1170 1713 1412 1752 quaestionum
1436 1713 1551 1747 iudex.
1576 1713 1608 1742 in
1635 1713 1720 1744 Hist.
1749 1713 1812 1743 litt.
1836 1712 1895 1744 Gr.
1910 1713 1952 1748 ΙΙ,
1977 1714 1996 1744 2
2013 1713 2123 1753 (1872)

327 1777 357 1806 p.
379 1768 414 1797 10
432 1774 526 1801 extr.y
548 1767 611 1797 hoc
628 1777 791 1797 maxume
808 1767 950 1797 obstare
966 1767 1095 1807 lyricae
1111 1767 1317 1807 tragoediae
1335 1767 1425 1802 dicit,
1443 1768 1537 1807 quod
1551 1767 1680 1797 nullum
1697 1767 1856 1807 profecto
1872 1774 2125 1808 argumentum.

328 1821 419 1860 quod
444 1821 617 1860 proprium
643 1821 673 1851 ei
698 1827 732 1851 et
755 1821 930 1860 peculiare
953 1821 1005 1855 sit,
1030 1821 1172 1851 indicari
1195 1822 1314 1861 possit.
1351 1821 1422 1853 Sed
1446 1822 1473 1852 si
1493 1832 1583 1861 quae
1606 1831 1711 1862 supra
1727 1821 1892 1862 exposita
1915 1828 2002 1855 sunt.
2027 1828 2124 1853 recte

328 1883 537 1915 reputemus.
563 1875 711 1906 fortasse
733 1876 799 1906 iam
817 1882 893 1906 sunt
918 1877 1088 1909 nonnulla.
1114 1886 1203 1916 quae
1226 1877 1271 1906 ad
1289 1886 1409 1906 verum
1433 1876 1675 1907 inveniendum
1699 1876 1843 1916 propius
1865 1886 1927 1906 nos
1941 1877 2123 1907 adducant.

328 1930 476 1959 Primum
500 1929 605 1969 igitur
627 1930 742 1969 aliqua
765 1930 832 1960 iam
857 1929 1008 1960 definitio
1032 1940 1074 1961 eo
1099 1930 1303 1965 continetur,
1336 1932 1430 1971 quod
1454 1931 1612 1961 dramata
1635 1931 1769 1970 tragica
1797 1937 1831 1962 et
1855 1941 2016 1961 maxume
2039 1941 2120 1971 cog-

327 1991 407 2013 nata
432 1990 507 2013 sunt
532 1984 769 2023 dithyrambis.
794 1985 887 2023 quod
911 1994 955 2014 ex
980 1984 1227 2024 Aristophanis
1250 1985 1361 2016 indice
1386 1991 1542 2025 apparet,
1575 1990 1609 2015 et
1632 1995 1652 2015 a
1675 1985 1904 2025 dithyrambis
1934 1995 2052 2015 rursus
2074 1985 2124 2015 di-

327 2048 438 2070 versa.
472 2039 563 2077 quod
588 2038 716 2069 Suidae
750 2039 808 2068 illo
839 2038 958 2073 indice=
994 2039 1025 2069 in
1050 2049 1118 2078 quo
1150 2040 1253 2069 ambo
1281 2038 1431 2068 diiuncta
1463 2044 1549 2073 sunt,
1585 2039 1763 2079 probatur.
1809 2037 1930 2077 Itaque
1966 2038 2125 2068 dramata

325 2093 458 2131 tragica
481 2102 592 2132 neque
616 2093 699 2122 meri
723 2099 799 2123 sunt
823 2093 1043 2132 dithyrambi,
1068 2103 1179 2133 neque
1201 2093 1293 2124 nulli.

475 2146 651 2177 Habemus
675 2147 777 2185 igitur
803 2165 838 2169 —-
864 2147 968 2187 idque
993 2147 1224 2178 confitendum
1249 2154 1302 2178 est
1326 2165 1364 2170 —
1389 2147 1501 2187 primo
1525 2153 1619 2178 certe
1644 2147 1812 2187 adspectu
1837 2156 1961 2177 nomen
1984 2146 2058 2177 sine
2076 2156 2124 2177 re.

326 2201 395 2231 Iam
414 2211 497 2231 vero
521 2201 799 2231 commodissime
822 2201 854 2231 in
877 2203 942 2232 hac
964 2203 1167 2241 quaestione
1195 2202 1328 2239 accidit,
1352 2208 1388 2232 ut
1412 2211 1431 2232 e
1453 2201 1626 2232 contrario
1650 2201 1835 2232 carminum
1859 2201 1999 2241 generis
2013 2200 2123 2231 cuius-

326 2257 403 2285 ‹lam
425 2256 587 2285 momoria
611 2257 653 2285 ad
675 2265 737 2285 nos
758 2257 964 2295 pervenerit.
988 2257 1081 2296 quod
1100 2257 1201 2296 quale
1225 2257 1278 2291 sit.
1303 2256 1433 2296 optime
1451 2255 1618 2289 novimus.
1642 2256 1703 2286 sed
1722 2256 1817 2286 cuius
1840 2265 1964 2286 nomen
1982 2255 2119 2295 ignora-

326 2321 408 2342 mus.
445 2318 478 2340 ut
503 2320 575 2340 rem
601 2310 672 2340 sino
698 2317 794 2340 certo
825 2311 960 2341 nomine
982 2317 1100 2341 tenere
1123 2311 1310 2341 videamur.
1354 2310 1442 2342 Sunt
1472 2311 1561 2341 enim
1586 2311 1630 2340 ad
1660 2320 1723 2340 nos
1746 2316 1943 2350 propagata
1969 2309 2121 2341 carmina

326 2375 435 2403 noque
470 2374 547 2394 rara
575 2375 685 2403 neque
714 2364 890 2403 ignobilia,
914 2375 1003 2404 quae
1031 2365 1328 2405 dithyramborum
1360 2365 1562 2405 plerumque
1595 2364 1733 2395 nomine
1768 2365 1996 2404 appellantur.
2030 2373 2120 2403 quae

325 2426 438 2448 tamen
464 2419 537 2457 ipsa
556 2429 592 2449 re
613 2418 748 2448 diversa
767 2429 787 2448 a
805 2418 1032 2458 dithyrambis
1050 2426 1126 2450 sunt
1145 2426 1178 2449 et
1200 2429 1324 2450 nomen
1343 2429 1481 2459 quoque
1505 2419 1678 2459 peculiare
1701 2419 1764 2449 sibi
1787 2428 1932 2458 poscere
1950 2418 2119 2448 videntur.
